timestamp_s;timestamp_origin;sd_block_id;cyc_condition;cyc_charged;age_type;age_temp;age_soc;age_chg_rate;age_dischg_rate;age_profile;v_max_target_V;v_min_target_V;i_chg_max_A;i_dischg_min_A;i_chg_cutoff_A;i_dischg_cutoff_A;cap_aged_est_Ah;soh_cap;delta_q_Ah;delta_q_chg_Ah;delta_q_dischg_Ah;delta_e_Wh;delta_e_chg_Wh;delta_e_dischg_Wh;coulomb_efficiency;energy_efficiency;ocv_est_start_V;ocv_est_end_V;soc_est_start;soc_est_end;t_start_degC;t_end_degC;cyc_duration_s;num_cycles_op;num_cycles_checkup;total_q_chg_CU_RT_Ah;total_q_dischg_CU_RT_Ah;total_q_chg_cyc_OT_Ah;total_q_dischg_cyc_OT_Ah;total_q_chg_other_RT_Ah;total_q_dischg_other_RT_Ah;total_q_chg_other_OT_Ah;total_q_dischg_other_OT_Ah;total_q_chg_sum_Ah;total_q_dischg_sum_Ah;total_e_chg_CU_RT_Wh;total_e_dischg_CU_RT_Wh;total_e_chg_cyc_OT_Wh;total_e_dischg_cyc_OT_Wh;total_e_chg_other_RT_Wh;total_e_dischg_other_RT_Wh;total_e_chg_other_OT_Wh;total_e_dischg_other_OT_Wh;total_e_chg_sum_Wh;total_e_dischg_sum_Wh;uptime_ticks
1665603069.000;1;69918208;0;0;1;40;100;0.00;0.00;0;4.2000;2.6000;1.0000;-1.0000;0.1500;-0.1500;nan;nan;-0.777033;0.000000;-0.777033;-2.494492;0.000000;-2.494492;nan;nan;3.5578;2.6335;26.9721;1.0277;24.79;25.99;2992.80;0;0;0.00;0.00;0.00;0.00;0.00;0.78;0.00;0.00;0.00;0.78;0.00;0.00;0.00;0.00;0.00;2.49;0.00;0.00;0.00;2.49;904609
1665603569.000;1;70048768;0;0;1;40;100;0.00;0.00;0;4.2000;2.5000;1.0000;-1.0000;0.1500;-0.1500;nan;nan;-0.018337;0.000000;-0.018337;-0.046228;0.000000;-0.046228;nan;nan;2.7207;2.5092;0.7060;0.0937;25.53;25.45;198.60;0;0;0.00;0.00;0.00;0.00;0.00;0.80;0.00;0.00;0.00;0.80;0.00;0.00;0.00;0.00;0.00;2.54;0.00;0.00;0.00;2.54;952157
1665615144.000;1;73017856;2;1;1;40;100;0.00;0.00;0;4.2000;2.5000;1.0000;-1.0000;0.1500;-0.1500;2.938660;95.910645;2.912513;2.912513;0.000000;11.047302;11.047302;0.000000;nan;nan;2.6252;4.1865;0.4007;99.5110;25.10;26.61;10976.40;0;0;2.91;0.00;0.00;0.00;0.00;0.80;0.00;0.00;2.91;0.80;11.05;0.00;0.00;0.00;0.00;2.54;0.00;0.00;11.05;2.54;2056171
1665626101.000;1;75831808;2;0;1;40;100;0.00;0.00;0;4.2000;2.5000;1.0000;-1.0000;0.1500;-0.1500;2.937534;95.835590;-2.910672;0.000000;-2.910672;-10.591584;0.000000;-10.591584;99.936789;95.874846;4.1865;2.6329;99.5110;0.4254;26.61;25.72;10656.10;0;0;2.91;2.91;0.00;0.00;0.00;0.80;0.00;0.00;2.91;3.71;11.05;10.59;0.00;0.00;0.00;2.54;0.00;0.00;11.05;13.13;3101024
1665627704.000;1;76247552;0;1;1;40;100;0.00;0.00;0;3.4109;2.5000;1.0000;-1.0000;0.1500;-0.1500;nan;nan;0.295592;0.295592;0.000000;0.973211;0.973211;0.000000;nan;nan;2.6329;3.4108;0.4254;10.4841;25.72;25.31;1604.59;0;0;2.91;2.91;0.00;0.00;0.30;0.80;0.00;0.00;3.21;3.71;11.05;10.59;0.00;0.00;0.97;2.54;0.00;0.00;12.02;13.13;3254051
1665640021.000;1;79424512;0;1;1;40;100;0.00;0.00;0;3.6091;2.5000;1.0000;-1.0000;0.1500;-0.1500;nan;nan;0.560891;0.560891;0.000000;1.987763;1.987763;0.000000;nan;nan;3.3818;3.6090;12.3348;31.4214;24.97;24.90;2627.10;0;0;2.91;2.91;0.00;0.00;0.90;0.83;0.00;0.00;3.81;3.74;11.05;10.59;0.00;0.00;3.10;2.67;0.00;0.00;14.15;13.26;4428638
1665655050.000;1;83268096;0;1;1;40;100;0.00;0.00;0;3.3300;2.5000;1.0000;-1.0000;0.1500;-0.1500;nan;nan;0.013911;0.013911;0.000000;0.046296;0.046296;0.000000;nan;nan;3.2855;3.3299;8.3751;8.8485;24.82;24.74;129.70;0;0;2.91;2.91;0.00;0.00;1.47;1.94;0.00;0.00;4.39;4.85;11.05;10.59;0.00;0.00;5.22;6.55;0.00;0.00;16.27;17.14;41197
1665660201.000;1;84598272;0;1;1;40;100;0.00;0.00;0;3.6091;2.5000;1.0000;-1.0000;0.1500;-0.1500;nan;nan;0.526876;0.526876;0.000000;1.864849;1.864849;0.000000;nan;nan;3.3319;3.6012;10.0796;28.0088;24.83;24.98;2476.10;0;0;2.91;2.91;0.00;0.00;2.03;1.97;0.00;0.00;4.94;4.88;11.05;10.59;0.00;0.00;7.19;6.63;0.00;0.00;18.23;17.22;532527
1665670592.000;1;87278080;0;1;1;40;100;0.00;0.00;0;3.7453;2.5000;1.0000;-1.0000;0.1500;-0.1500;nan;nan;0.602106;0.602106;0.000000;2.228189;2.228189;0.000000;nan;nan;3.5967;3.7452;31.0895;51.5786;24.88;25.14;2859.40;0;0;2.91;2.91;0.00;0.00;2.67;2.00;0.00;0.00;5.59;4.91;11.05;10.59;0.00;0.00;9.56;6.77;0.00;0.00;20.61;17.36;1523506
1665680385.000;1;89804288;0;1;1;40;100;0.00;0.00;0;3.9393;2.5000;1.0000;-1.0000;0.1500;-0.1500;nan;nan;0.566704;0.566704;0.000000;2.200143;2.200143;0.000000;nan;nan;3.7319;3.9329;49.5534;68.8378;24.80;25.02;2694.89;0;0;2.91;2.91;0.00;0.00;3.28;2.04;0.00;0.00;6.19;4.95;11.05;10.59;0.00;0.00;11.92;6.91;0.00;0.00;22.97;17.50;2457398
1665690260.000;1;92351488;0;1;1;40;100;0.00;0.00;0;4.0923;2.5000;1.0000;-1.0000;0.1500;-0.1500;nan;nan;0.498986;0.498986;0.000000;2.020912;2.020912;0.000000;nan;nan;3.9301;4.0853;69.5814;86.5615;24.82;24.85;2924.21;0;0;2.91;2.91;0.00;0.00;3.82;2.08;0.00;0.00;6.73;4.99;11.05;10.59;0.00;0.00;14.10;7.06;0.00;0.00;25.15;17.65;3399232
1665726000.000;1;101533696;0;1;1;40;100;0.00;0.00;0;4.0923;2.5000;1.0000;-1.0000;0.1500;-0.1500;nan;nan;0.037502;0.037502;0.000000;0.153467;0.153467;0.000000;nan;nan;4.0801;4.0877;86.9407;88.2168;39.72;39.75;555.40;0;0;2.91;2.91;0.00;0.00;3.86;2.12;0.04;0.00;6.81;5.03;11.05;10.59;0.00;0.00;14.27;7.22;0.15;0.00;25.47;17.81;6807743
1665739105.000;1;104910848;0;0;1;40;100;0.00;0.00;0;4.2000;3.9279;1.0000;-1.0000;0.1500;-0.1500;nan;nan;-0.494591;0.000000;-0.494591;-1.970991;0.000000;-1.970991;nan;nan;4.0847;3.9376;88.6667;71.8297;39.59;39.51;2313.50;0;0;2.91;2.91;0.00;0.00;3.86;2.12;0.08;0.53;6.86;5.57;11.05;10.59;0.00;0.00;14.27;7.22;0.32;2.13;25.64;19.93;8057623
1665749070.000;1;107481600;0;0;1;40;100;0.00;0.00;0;4.2000;3.7271;1.0000;-1.0000;0.1500;-0.1500;nan;nan;-0.574605;0.000000;-0.574605;-2.184700;0.000000;-2.184700;nan;nan;3.9351;3.7319;70.1865;50.6257;39.62;39.56;2490.31;0;0;2.91;2.91;0.00;0.00;3.86;2.12;0.12;1.15;6.90;6.18;11.05;10.59;0.00;0.00;14.27;7.22;0.49;4.46;25.81;22.27;9007924
1665758757.000;1;109980672;0;0;1;40;100;0.00;0.00;0;4.2000;3.5676;1.0000;-1.0000;0.1500;-0.1500;nan;nan;-0.575447;0.000000;-0.575447;-2.083925;0.000000;-2.083925;nan;nan;3.7351;3.5707;49.8943;30.3049;39.70;39.76;2510.00;0;0;2.91;2.91;0.00;0.00;3.86;2.12;0.16;1.76;6.94;6.79;11.05;10.59;0.00;0.00;14.27;7.22;0.64;6.69;25.96;24.49;9931776
1665768510.000;1;112499200;0;0;1;40;100;0.00;0.00;0;4.2000;3.2491;1.0000;-1.0000;0.1500;-0.1500;nan;nan;-0.611320;0.000000;-0.611320;-2.088389;0.000000;-2.088389;nan;nan;3.5777;3.2492;28.8208;8.0101;39.59;39.75;2401.20;0;0;2.91;2.91;0.00;0.00;3.86;2.12;0.20;2.41;6.98;7.44;11.05;10.59;0.00;0.00;14.27;7.22;0.79;8.91;26.11;26.72;10862083
1665787527.000;1;117406720;0;1;1;40;100;0.00;0.00;0;4.2050;2.5000;1.0000;-1.0000;0.1500;-0.1500;nan;nan;2.607020;2.607020;0.000000;10.005592;10.005592;0.000000;nan;nan;3.3032;4.1778;9.0514;97.7660;39.44;39.54;9724.49;0;0;2.91;2.91;0.00;0.00;3.88;2.14;2.83;2.43;9.63;7.48;11.05;10.59;0.00;0.00;14.34;7.28;10.87;8.97;36.25;26.84;12675721
1666218983.000;1;226817024;0;0;1;40;100;0.00;0.00;0;4.2000;2.5000;1.0000;-1.0000;0.1500;-0.1500;nan;nan;-0.017817;0.000000;-0.017817;-0.044969;0.000000;-0.044969;nan;nan;2.7163;2.5083;0.6917;0.0852;25.37;25.40;185.90;0;1;2.91;2.91;0.08;0.07;3.88;4.89;2.83;2.43;9.70;10.30;11.05;10.59;0.33;0.30;14.34;17.22;10.87;8.97;36.58;37.09;1024686
1666230482.000;1;229768704;2;1;1;40;100;0.00;0.00;0;4.2000;2.5000;1.0000;-1.0000;0.1500;-0.1500;2.925555;95.036966;2.899030;2.899030;0.000000;10.989799;10.989799;0.000000;nan;nan;2.6225;4.1860;0.3920;99.4854;25.24;25.26;10897.90;0;1;5.81;2.91;0.08;0.07;3.88;4.91;2.83;2.43;12.60;10.32;22.04;10.59;0.33;0.30;14.34;17.27;10.87;8.97;47.57;37.13;2121215
1666241371.000;1;232584192;2;0;1;40;100;0.00;0.00;0;4.2000;2.5000;1.0000;-1.0000;0.1500;-0.1500;2.921139;94.742632;-2.893263;0.000000;-2.893263;-10.541279;0.000000;-10.541279;99.801052;95.918763;4.1860;2.6373;99.4854;0.4397;25.26;25.63;10590.00;0;1;5.81;5.80;0.08;0.07;3.88;4.91;2.83;2.43;12.60;13.21;22.04;21.13;0.33;0.30;14.34;17.27;10.87;8.97;47.57;47.67;3159766
1666242885.000;1;232976384;0;1;1;40;100;0.00;0.00;0;3.4109;2.5000;1.0000;-1.0000;0.1500;-0.1500;nan;nan;0.287809;0.287809;0.000000;0.947222;0.947222;0.000000;nan;nan;2.6373;3.4108;0.4397;10.2774;25.63;25.08;1513.41;0;1;5.81;5.80;0.08;0.07;4.17;4.91;2.83;2.43;12.89;13.21;22.04;21.13;0.33;0.30;15.28;17.27;10.87;8.97;48.52;47.67;3304098
1666250509.000;1;234944512;0;1;1;40;100;0.00;0.00;0;3.6091;2.5000;1.0000;-1.0000;0.1500;-0.1500;nan;nan;0.556943;0.556943;0.000000;1.973460;1.973460;0.000000;nan;nan;3.3828;3.6090;12.3938;31.4310;24.95;24.89;2614.50;0;1;5.81;5.80;0.08;0.07;4.75;4.93;2.83;2.43;13.48;13.24;22.04;21.13;0.33;0.30;17.35;17.36;10.87;8.97;50.58;47.76;4031265
1666257163.000;1;236667392;0;1;1;40;100;0.00;0.00;0;3.7453;2.5000;1.0000;-1.0000;0.1500;-0.1500;nan;nan;0.594411;0.594411;0.000000;2.199088;2.199088;0.000000;nan;nan;3.5973;3.7452;31.1613;51.4792;24.90;25.15;2779.70;0;1;5.81;5.80;0.08;0.07;5.43;5.01;2.83;2.43;14.15;13.32;22.04;21.13;0.33;0.30;19.84;17.64;10.87;8.97;53.08;48.04;4665845
1666265806.000;1;238898176;0;1;1;40;100;0.00;0.00;0;3.9393;2.5000;1.0000;-1.0000;0.1500;-0.1500;nan;nan;0.565260;0.565260;0.000000;2.194039;2.194039;0.000000;nan;nan;3.7313;3.9333;49.4930;68.8145;25.00;25.13;2677.70;0;1;5.81;5.80;0.08;0.07;6.02;5.04;2.83;2.43;14.74;13.34;22.04;21.13;0.33;0.30;22.14;17.73;10.87;8.97;55.37;48.14;5490235
1666273408.000;1;240855552;0;1;1;40;100;0.00;0.00;0;4.0923;2.5000;1.0000;-1.0000;0.1500;-0.1500;nan;nan;0.508092;0.508092;0.000000;2.057953;2.057953;0.000000;nan;nan;3.9300;4.0864;69.5657;86.9331;24.88;25.01;3047.39;0;1;5.81;5.80;0.08;0.07;6.57;5.07;2.83;2.43;15.29;13.38;22.04;21.13;0.33;0.30;24.35;17.88;10.87;8.97;57.58;48.28;6215181
1666295318.000;1;246474752;0;1;1;40;100;0.00;0.00;0;4.0923;2.5000;1.0000;-1.0000;0.1500;-0.1500;nan;nan;0.037154;0.037154;0.000000;0.152043;0.152043;0.000000;nan;nan;4.0810;4.0889;87.2336;88.5036;39.64;39.69;577.70;0;1;5.81;5.80;0.08;0.07;6.61;5.11;2.87;2.43;15.36;13.42;22.04;21.13;0.33;0.30;24.50;18.03;11.02;8.97;57.88;48.43;8304668
1666307656.000;1;249656320;0;0;1;40;100;0.00;0.00;0;4.2000;3.9279;1.0000;-1.0000;0.1500;-0.1500;nan;nan;-0.505248;0.000000;-0.505248;-2.013962;0.000000;-2.013962;nan;nan;4.0845;3.9346;88.5741;71.2778;39.57;39.57;2346.40;0;1;5.81;5.80;0.08;0.07;6.61;5.11;2.91;2.97;15.40;13.96;22.04;21.13;0.33;0.30;24.50;18.03;11.18;11.14;58.04;50.60;9481476
1666316682.000;1;251985920;0;0;1;40;100;0.00;0.00;0;4.2000;3.7271;1.0000;-1.0000;0.1500;-0.1500;nan;nan;-0.571102;0.000000;-0.571102;-2.171251;0.000000;-2.171251;nan;nan;3.9345;3.7309;70.1186;50.5679;39.66;39.49;2482.20;0;1;5.81;5.80;0.08;0.07;6.61;5.11;2.95;3.58;15.44;14.57;22.04;21.13;0.33;0.30;24.50;18.03;11.33;13.46;58.19;52.92;10342230
1666326025.000;1;254398464;0;0;1;40;100;0.00;0.00;0;4.2000;3.5676;1.0000;-1.0000;0.1500;-0.1500;nan;nan;-0.564729;0.000000;-0.564730;-2.044807;0.000000;-2.044807;nan;nan;3.7341;3.5709;49.7969;30.4644;39.40;39.77;2467.40;0;1;5.81;5.80;0.08;0.07;6.61;5.11;2.98;4.19;15.48;15.17;22.04;21.13;0.33;0.30;24.50;18.03;11.47;15.64;58.34;55.10;11233332
1666334999.000;1;256717824;0;0;1;40;100;0.00;0.00;0;4.2000;3.2491;1.0000;-1.0000;0.1500;-0.1500;nan;nan;-0.607889;0.000000;-0.607889;-2.076680;0.000000;-2.076680;nan;nan;3.5763;3.2492;28.6850;7.8750;39.42;39.94;2385.70;0;1;5.81;5.80;0.08;0.07;6.61;5.11;3.02;4.83;15.52;15.82;22.04;21.13;0.33;0.30;24.50;18.03;11.60;17.85;58.47;57.31;12089176
1666350007.000;1;260594688;0;1;1;40;100;0.00;0.00;0;4.2050;2.5000;1.0000;-1.0000;0.1500;-0.1500;nan;nan;2.599882;2.599882;0.000000;9.979650;9.979650;0.000000;nan;nan;3.2964;4.1769;8.7916;97.6596;39.09;39.41;9669.10;0;1;5.81;5.80;0.08;0.07;6.62;5.12;5.65;4.86;18.15;15.86;22.04;21.13;0.33;0.30;24.54;18.06;21.67;17.93;68.58;57.43;13520362
1668017862.000;1;689640448;0;0;1;40;100;0.00;0.00;0;4.2000;2.6000;1.0000;-1.0000;0.1500;-0.1500;nan;nan;-2.887488;0.000000;-2.887488;-10.540552;0.000000;-10.540552;nan;nan;4.1955;2.6294;99.8303;0.9823;24.91;25.97;10560.70;0;2;5.81;5.80;0.25;0.22;6.62;8.01;5.65;4.86;18.33;18.89;22.04;21.13;1.05;0.92;24.54;28.60;21.67;17.93;69.30;68.59;18295671
1668018342.000;1;689764352;0;0;1;40;100;0.00;0.00;0;4.2000;2.5000;1.0000;-1.0000;0.1500;-0.1500;nan;nan;-0.017459;0.000000;-0.017459;-0.044130;0.000000;-0.044130;nan;nan;2.7189;2.5096;0.7000;0.1024;25.46;25.49;178.50;0;2;5.81;5.80;0.25;0.22;6.62;8.03;5.65;4.86;18.33;18.91;22.04;21.13;1.05;0.92;24.54;28.65;21.67;17.93;69.30;68.63;18341302
1668029720.000;1;692688896;2;1;1;40;100;0.00;0.00;0;4.2000;2.5000;1.0000;-1.0000;0.1500;-0.1500;2.898026;93.201751;2.870954;2.870954;-0.000000;10.894371;10.894371;-0.000000;nan;nan;2.6244;4.1852;0.3980;99.4639;25.34;24.97;10779.71;0;2;8.68;5.80;0.25;0.22;6.62;8.03;5.65;4.86;21.20;18.91;32.93;21.13;1.05;0.92;24.54;28.65;21.67;17.93;80.19;68.63;19426562
1668040491.000;1;695473664;2;0;1;40;100;0.00;0.00;0;4.2000;2.5000;1.0000;-1.0000;0.1500;-0.1500;2.891374;92.758274;-2.862983;0.000000;-2.862983;-10.446687;0.000000;-10.446687;99.722356;95.890683;4.1852;2.6391;99.4639;0.4458;24.97;25.58;10470.70;0;2;8.68;8.67;0.25;0.22;6.62;8.03;5.65;4.86;21.20;21.77;32.93;31.58;1.05;0.92;24.54;28.65;21.67;17.93;80.19;79.08;20453748
1668041935.000;1;695846912;0;1;1;40;100;0.00;0.00;0;3.4109;2.5000;1.0000;-1.0000;0.1500;-0.1500;nan;nan;0.277156;0.277156;0.000000;0.911728;0.911728;0.000000;nan;nan;2.6391;3.4095;0.4458;10.0094;25.58;25.14;1443.50;0;2;8.68;8.67;0.25;0.22;6.89;8.03;5.65;4.86;21.47;21.77;32.93;31.58;1.05;0.92;25.45;28.65;21.67;17.93;81.11;79.08;20591415
1668051090.000;1;698210304;0;1;1;40;100;0.00;0.00;0;3.6091;2.5000;1.0000;-1.0000;0.1500;-0.1500;nan;nan;0.543778;0.543778;-0.000000;1.927166;1.927166;-0.000000;nan;nan;3.3834;3.6090;12.4250;31.1887;24.90;24.99;2553.80;0;2;8.68;8.67;0.25;0.22;7.48;8.07;5.65;4.86;22.06;21.81;32.93;31.58;1.05;0.92;27.51;28.77;21.67;17.93;83.16;79.20;21464706
1668060896.000;1;700741632;0;1;1;40;100;0.00;0.00;0;3.7453;2.5000;1.0000;-1.0000;0.1500;-0.1500;nan;nan;0.584984;0.584984;0.000000;2.164333;2.164333;0.000000;nan;nan;3.5958;3.7452;30.9716;51.1572;24.98;25.04;2749.20;0;2;8.68;8.67;0.25;0.22;8.10;8.10;5.65;4.86;22.68;21.85;32.93;31.58;1.05;0.92;29.81;28.90;21.67;17.93;85.46;79.34;22399790
1668069487.000;1;702958080;0;1;1;40;100;0.00;0.00;0;3.9393;2.5000;1.0000;-1.0000;0.1500;-0.1500;nan;nan;0.561510;0.561510;-0.000000;2.179655;2.179655;-0.000000;nan;nan;3.7314;3.9335;49.5111;68.8867;25.05;25.30;2668.59;0;2;8.68;8.67;0.25;0.22;8.70;8.14;5.65;4.86;23.28;21.88;32.93;31.58;1.05;0.92;32.13;29.04;21.67;17.93;87.79;79.47;23219069
1668075863.000;1;704596480;0;1;1;40;100;0.00;0.00;0;4.0923;2.5000;1.0000;-1.0000;0.1500;-0.1500;nan;nan;0.513925;0.513925;-0.000000;2.081943;2.081943;-0.000000;nan;nan;3.9302;4.0869;69.5978;87.3314;24.89;25.01;3135.90;0;2;8.68;8.67;0.25;0.22;9.25;8.18;5.65;4.86;23.83;21.92;32.93;31.58;1.05;0.92;34.36;29.18;21.67;17.93;90.02;79.62;23827172
1668090979.000;1;708474880;0;1;1;40;100;0.00;0.00;0;4.0923;2.5000;1.0000;-1.0000;0.1500;-0.1500;nan;nan;0.037851;0.037851;-0.000000;0.154897;0.154897;-0.000000;nan;nan;4.0812;4.0890;87.3144;88.6205;39.62;39.53;603.80;0;2;8.68;8.67;0.25;0.22;9.29;8.21;5.69;4.86;23.90;21.96;32.93;31.58;1.05;0.92;34.51;29.33;21.83;17.93;90.32;79.76;25268807
1668103340.000;1;711662080;0;0;1;40;100;0.00;0.00;0;4.2000;3.9279;1.0000;-1.0000;0.1500;-0.1500;nan;nan;-0.513556;0.000000;-0.513556;-2.047213;0.000000;-2.047213;nan;nan;4.0844;3.9325;88.5597;70.7980;39.43;39.77;2382.01;0;2;8.68;8.67;0.25;0.22;9.29;8.21;5.72;5.41;23.94;22.51;32.93;31.58;1.05;0.92;34.51;29.33;21.98;20.13;90.48;81.96;26447599
1668112389.000;1;713997824;0;0;1;40;100;0.00;0.00;0;4.2000;3.7271;1.0000;-1.0000;0.1500;-0.1500;nan;nan;-0.567984;0.000000;-0.567984;-2.159283;0.000000;-2.159283;nan;nan;3.9348;3.7307;70.1558;50.5117;39.55;39.24;2467.50;0;2;8.68;8.67;0.25;0.22;9.29;8.21;5.76;6.01;23.98;23.11;32.93;31.58;1.05;0.92;34.51;29.33;22.14;22.43;90.63;84.27;27310804
1668121193.000;1;716270592;0;0;1;40;100;0.00;0.00;0;4.2000;3.5676;1.0000;-1.0000;0.1500;-0.1500;nan;nan;-0.555286;0.000000;-0.555286;-2.010499;0.000000;-2.010499;nan;nan;3.7347;3.5718;49.8514;30.6465;39.84;39.75;2432.40;0;2;8.68;8.67;0.25;0.22;9.29;8.21;5.80;6.61;24.02;23.71;32.93;31.58;1.05;0.92;34.51;29.33;22.28;24.58;90.78;86.41;28150363
1668129686.000;1;718466560;0;0;1;40;100;0.00;0.00;0;4.2000;3.2491;1.0000;-1.0000;0.1500;-0.1500;nan;nan;-0.598231;0.000000;-0.598231;-2.043873;0.000000;-2.043873;nan;nan;3.5764;3.2492;28.6877;7.9975;39.50;40.28;2347.01;0;2;8.68;8.67;0.25;0.22;9.29;8.21;5.84;7.24;24.06;24.34;32.93;31.58;1.05;0.92;34.51;29.33;22.42;26.76;90.91;88.59;28960308
1668145492.000;1;722550272;0;1;1;40;100;0.00;0.00;0;4.2050;2.5000;1.0000;-1.0000;0.1500;-0.1500;nan;nan;2.584624;2.584624;-0.000000;9.927749;9.927749;-0.000000;nan;nan;3.2989;4.1803;8.8852;98.0708;39.35;39.44;9601.20;0;2;8.68;8.67;0.25;0.22;9.30;8.23;8.45;7.27;26.68;24.38;32.93;31.58;1.05;0.92;34.55;29.37;32.43;26.84;100.97;88.71;30467826
1669837102.000;1;1158303744;0;0;1;40;100;0.00;0.00;0;4.2000;2.6000;1.0000;-1.0000;0.1500;-0.1500;nan;nan;-2.856493;0.000000;-2.856493;-10.438776;0.000000;-10.438776;nan;nan;4.1941;2.6298;99.7809;0.9873;24.80;25.70;10445.89;0;3;8.68;8.67;0.40;0.37;9.30;11.08;8.45;7.27;26.83;27.38;32.93;31.58;1.68;1.54;34.55;39.81;32.43;26.84;101.60;99.77;28450466
1669837576.000;1;1158426112;0;0;1;40;100;0.00;0.00;0;4.2000;2.5000;1.0000;-1.0000;0.1500;-0.1500;nan;nan;-0.017133;0.000000;-0.017133;-0.043357;0.000000;-0.043357;nan;nan;2.7224;2.5109;0.7113;0.1188;25.27;25.30;173.91;0;3;8.68;8.67;0.40;0.37;9.30;11.10;8.45;7.27;26.83;27.40;32.93;31.58;1.68;1.54;34.55;39.85;32.43;26.84;101.60;99.81;28495669
1669848857.000;1;1161325568;2;1;1;40;100;0.00;0.00;0;4.2000;2.5000;1.0000;-1.0000;0.1500;-0.1500;2.868877;91.258478;2.841629;2.841629;0.000000;10.794978;10.794978;0.000000;nan;nan;2.6270;4.1850;0.4065;99.4568;25.13;24.74;10682.11;0;3;11.52;8.67;0.40;0.37;9.30;11.10;8.45;7.27;29.67;27.40;43.73;31.58;1.68;1.54;34.55;39.85;32.43;26.84;112.40;99.81;29571614
1669859526.000;1;1164084736;2;0;1;40;100;0.00;0.00;0;4.2000;2.5000;1.0000;-1.0000;0.1500;-0.1500;2.862975;90.864974;-2.834301;0.000000;-2.834301;-10.353186;0.000000;-10.353186;99.742103;95.907426;4.1850;2.6430;99.4568;0.4583;24.74;25.81;10368.30;0;3;11.52;11.50;0.40;0.37;9.30;11.10;8.45;7.27;29.67;30.24;43.73;41.93;1.68;1.54;34.55;39.85;32.43;26.84;112.40;110.17;30589017
1669860910.000;1;1164442624;0;1;1;40;100;0.00;0.00;0;3.4109;2.5000;1.0000;-1.0000;0.1500;-0.1500;nan;nan;0.267324;0.267324;0.000000;0.878979;0.878979;0.000000;nan;nan;2.6430;3.4073;0.4583;9.7764;25.81;25.18;1383.00;0;3;11.52;11.50;0.40;0.37;9.57;11.10;8.45;7.27;29.94;30.24;43.73;41.93;1.68;1.54;35.43;39.85;32.43;26.84;113.27;110.17;30720916
1669867674.000;1;1166188544;0;1;1;40;100;0.00;0.00;0;3.6091;2.5000;1.0000;-1.0000;0.1500;-0.1500;nan;nan;0.532503;0.532503;0.000000;1.887248;1.887248;0.000000;nan;nan;3.3847;3.6090;12.4984;31.0598;24.86;24.51;2478.10;0;3;11.52;11.50;0.40;0.37;10.14;11.14;8.45;7.27;30.51;30.27;43.73;41.93;1.68;1.54;37.45;39.97;32.43;26.84;115.29;110.29;31366097
1669876901.000;1;1168570368;0;1;1;40;100;0.00;0.00;0;3.7453;2.5000;1.0000;-1.0000;0.1500;-0.1500;nan;nan;0.577110;0.577110;0.000000;2.135548;2.135548;0.000000;nan;nan;3.5956;3.7452;30.9442;51.0604;24.64;24.93;2717.50;0;3;11.52;11.50;0.40;0.37;10.75;11.18;8.45;7.27;31.13;30.31;43.73;41.93;1.68;1.54;39.73;40.11;32.43;26.84;117.57;110.43;32246139
1669885681.000;1;1170835968;0;1;1;40;100;0.00;0.00;0;3.9393;2.5000;1.0000;-1.0000;0.1500;-0.1500;nan;nan;0.558492;0.558492;0.000000;2.168195;2.168195;0.000000;nan;nan;3.7312;3.9338;49.4842;68.9515;24.84;24.87;2689.20;0;3;11.52;11.50;0.40;0.37;11.35;11.21;8.45;7.27;31.72;30.35;43.73;41.93;1.68;1.54;42.04;40.25;32.43;26.84;119.88;110.56;33083458
1669893581.000;1;1172869632;0;1;1;40;100;0.00;0.00;0;4.0923;2.5000;1.0000;-1.0000;0.1500;-0.1500;nan;nan;0.514540;0.514540;0.000000;2.084642;2.084642;0.000000;nan;nan;3.9297;4.0870;69.5369;87.4722;24.74;24.85;3163.10;0;3;11.52;11.50;0.40;0.37;11.90;11.25;8.45;7.27;32.28;30.39;43.73;41.93;1.68;1.54;44.27;40.39;32.43;26.84;122.11;110.71;33836740
1669912365.000;1;1177687552;0;1;1;40;100;0.00;0.00;0;4.0923;2.5000;1.0000;-1.0000;0.1500;-0.1500;nan;nan;0.039010;0.039010;0.000000;0.159639;0.159639;0.000000;nan;nan;4.0809;4.0889;87.2311;88.5909;39.42;39.33;624.41;0;3;11.52;11.50;0.40;0.37;11.94;11.29;8.49;7.27;32.35;30.42;43.73;41.93;1.68;1.54;44.43;40.54;32.59;26.84;122.43;110.86;35628344
1669924982.000;1;1180940288;0;0;1;40;100;0.00;0.00;0;4.2000;3.9279;1.0000;-1.0000;0.1500;-0.1500;nan;nan;-0.513928;0.000000;-0.513928;-2.048461;0.000000;-2.048461;nan;nan;4.0842;3.9314;88.4969;70.5460;39.37;39.41;2398.21;0;3;11.52;11.50;0.40;0.37;11.94;11.29;8.53;7.82;32.39;30.98;43.73;41.93;1.68;1.54;44.43;40.54;32.75;29.04;122.58;113.06;36831497
1669933697.000;1;1183190528;0;0;1;40;100;0.00;0.00;0;4.2000;3.7271;1.0000;-1.0000;0.1500;-0.1500;nan;nan;-0.564983;0.000000;-0.564983;-2.147409;0.000000;-2.147409;nan;nan;3.9347;3.7302;70.1494;50.4153;39.33;39.12;2468.80;0;3;11.52;11.50;0.40;0.37;11.94;11.29;8.56;8.42;32.43;31.58;43.73;41.93;1.68;1.54;44.43;40.54;32.90;31.33;122.73;115.35;37662713
1669942833.000;1;1185548288;0;0;1;40;100;0.00;0.00;0;4.2000;3.5676;1.0000;-1.0000;0.1500;-0.1500;nan;nan;-0.546367;0.000000;-0.546367;-1.977937;0.000000;-1.977937;nan;nan;3.7345;3.5723;49.8314;30.7475;39.39;39.65;2400.90;0;3;11.52;11.50;0.40;0.37;11.94;11.29;8.60;9.01;32.47;32.16;43.73;41.93;1.68;1.54;44.43;40.54;33.04;33.45;122.88;117.47;38533993
1669951556.000;1;1187802624;0;0;1;40;100;0.00;0.00;0;4.2000;3.2491;1.0000;-1.0000;0.1500;-0.1500;nan;nan;-0.588491;0.000000;-0.588491;-2.010738;0.000000;-2.010738;nan;nan;3.5766;3.2492;28.7109;8.1557;39.26;40.17;2308.29;0;3;11.52;11.50;0.40;0.37;11.94;11.29;8.64;9.63;32.50;32.79;43.73;41.93;1.68;1.54;44.43;40.54;33.18;35.59;123.01;119.61;39366048
1669982336.000;1;1195726848;0;0;1;40;100;0.00;0.00;0;4.2000;3.9279;1.0000;-1.0000;0.1500;-0.1500;nan;nan;-0.491902;0.000000;-0.491902;-1.959762;0.000000;-1.959762;nan;nan;4.0833;3.9334;88.1736;70.9921;39.36;39.09;2305.30;0;3;11.52;11.50;0.40;0.37;11.94;11.29;10.90;10.20;34.77;33.36;43.73;41.93;1.68;1.54;44.43;40.54;41.74;37.82;131.58;121.84;1380650
1669991939.000;1;1198204416;0;0;1;40;100;0.00;0.00;0;4.2000;3.7271;1.0000;-1.0000;0.1500;-0.1500;nan;nan;-0.564022;0.000000;-0.564022;-2.143607;0.000000;-2.143607;nan;nan;3.9348;3.7304;70.1531;50.4525;39.38;39.17;2470.51;0;3;11.52;11.50;0.40;0.37;11.94;11.29;10.94;10.80;34.81;33.96;43.73;41.93;1.68;1.54;44.43;40.54;41.90;40.12;131.73;124.13;2296598
1670000665.000;1;1200457216;0;0;1;40;100;0.00;0.00;0;4.2000;3.5676;1.0000;-1.0000;0.1500;-0.1500;nan;nan;-0.545903;0.000000;-0.545903;-1.976245;0.000000;-1.976245;nan;nan;3.7343;3.5723;49.8115;30.7438;39.35;39.04;2403.69;0;3;11.52;11.50;0.40;0.37;11.94;11.29;10.98;11.39;34.84;34.54;43.73;41.93;1.68;1.54;44.43;40.54;42.04;42.23;131.87;126.25;3128625
1670009388.000;1;1202711552;0;0;1;40;100;0.00;0.00;0;4.2000;3.2491;1.0000;-1.0000;0.1500;-0.1500;nan;nan;-0.582796;0.000000;-0.582796;-1.991467;0.000000;-1.991467;nan;nan;3.5764;3.2492;28.6920;8.3356;39.22;39.40;2289.30;0;3;11.52;11.50;0.40;0.37;11.94;11.29;11.02;12.01;34.88;35.16;43.73;41.93;1.68;1.54;44.43;40.54;42.17;44.35;132.01;128.37;3960633
1670022875.000;1;1206194688;0;1;1;40;100;0.00;0.00;0;4.2050;2.5000;1.0000;-1.0000;0.1500;-0.1500;nan;nan;2.562994;2.562994;0.000000;9.851760;9.851760;0.000000;nan;nan;3.2935;4.1797;8.6783;98.0162;38.96;39.32;9531.70;0;4;11.52;11.50;0.40;0.37;11.95;11.30;13.61;12.03;37.48;35.20;43.73;41.93;1.68;1.54;44.46;40.58;52.12;44.44;141.99;128.49;5246887
1671645885.000;1;1623826432;0;0;1;40;100;0.00;0.00;0;4.2000;2.6000;1.0000;-1.0000;0.1500;-0.1500;nan;nan;-2.827572;0.000000;-2.827572;-10.343081;0.000000;-10.343081;nan;nan;4.1939;2.6314;99.7702;1.0068;24.60;25.56;10340.50;0;4;11.52;11.50;0.54;0.50;11.95;14.13;13.61;12.03;37.62;38.16;43.73;41.93;2.27;2.10;44.46;50.92;52.12;44.44;142.57;139.39;118582222
1671646357.000;1;1623948288;0;0;1;40;100;0.00;0.00;0;4.2000;2.5000;1.0000;-1.0000;0.1500;-0.1500;nan;nan;-0.016956;0.000000;-0.016956;-0.042956;0.000000;-0.042956;nan;nan;2.7260;2.5118;0.7230;0.1308;25.08;25.10;171.40;0;4;11.52;11.50;0.54;0.50;11.95;14.14;13.61;12.03;37.62;38.18;43.73;41.93;2.27;2.10;44.46;50.96;52.12;44.44;142.57;139.43;118627176
1671657540.000;1;1626822144;2;1;1;40;100;0.00;0.00;0;4.2000;2.5000;1.0000;-1.0000;0.1500;-0.1500;2.839955;89.330357;2.812399;2.812399;0.000000;10.694991;10.694991;0.000000;nan;nan;2.6300;4.1848;0.4161;99.4458;24.88;24.77;10582.90;0;4;14.34;11.50;0.54;0.50;11.95;14.14;13.61;12.03;40.43;38.18;54.42;41.93;2.27;2.10;44.46;50.96;52.12;44.44;153.27;139.43;119693663
1671668105.000;1;1629553664;2;0;1;40;100;0.00;0.00;0;4.2000;2.5000;1.0000;-1.0000;0.1500;-0.1500;2.834992;88.999480;-2.805984;0.000000;-2.805984;-10.260958;0.000000;-10.260958;99.771905;95.941710;4.1848;2.6463;99.4458;0.4690;24.77;25.38;10265.91;0;4;14.34;14.31;0.54;0.50;11.95;14.14;13.61;12.03;40.43;40.98;54.42;52.19;2.27;2.10;44.46;50.96;52.12;44.44;153.27;149.69;120701303
1671669452.000;1;1629902336;0;1;1;40;100;0.00;0.00;0;3.4109;2.5000;1.0000;-1.0000;0.1500;-0.1500;nan;nan;0.258253;0.258253;0.000000;0.849069;0.849069;0.000000;nan;nan;2.6463;3.4052;0.4690;9.5625;25.38;25.09;1348.30;0;4;14.34;14.31;0.54;0.50;12.21;14.14;13.61;12.03;40.69;40.98;54.42;52.19;2.27;2.10;45.31;50.96;52.12;44.44;154.11;149.69;120829884
1671677414.000;1;1631958016;0;1;1;40;100;0.00;0.00;0;3.6091;2.5000;1.0000;-1.0000;0.1500;-0.1500;nan;nan;0.522123;0.522123;0.000000;1.850872;1.850872;0.000000;nan;nan;3.3850;3.6090;12.5161;30.9010;25.04;24.71;2422.80;0;4;14.34;14.31;0.54;0.50;12.77;14.18;13.61;12.03;41.25;41.02;54.42;52.19;2.27;2.10;47.29;51.09;52.12;44.44;156.10;149.82;121589030
1671685844.000;1;1634134016;0;1;1;40;100;0.00;0.00;0;3.7453;2.5000;1.0000;-1.0000;0.1500;-0.1500;nan;nan;0.567560;0.567560;0.000000;2.100556;2.100556;0.000000;nan;nan;3.5957;3.7452;30.9610;50.9458;24.77;24.99;2676.70;0;4;14.34;14.31;0.54;0.50;13.37;14.22;13.61;12.03;41.86;41.06;54.42;52.19;2.27;2.10;49.53;51.22;52.12;44.44;158.33;149.95;122393092
1671693839.000;1;1636195840;0;1;1;40;100;0.00;0.00;0;3.9393;2.5000;1.0000;-1.0000;0.1500;-0.1500;nan;nan;0.555348;0.555348;0.000000;2.156227;2.156227;0.000000;nan;nan;3.7313;3.9341;49.4918;69.0467;24.83;24.89;2690.30;0;4;14.34;14.31;0.54;0.50;13.97;14.26;13.61;12.03;42.45;41.09;54.42;52.19;2.27;2.10;51.83;51.35;52.12;44.44;160.63;150.08;123155699
1671699542.000;1;1637661696;0;1;1;40;100;0.00;0.00;0;4.0923;2.5000;1.0000;-1.0000;0.1500;-0.1500;nan;nan;0.514322;0.514322;0.000000;2.084057;2.084057;0.000000;nan;nan;3.9302;4.0872;69.5906;87.7008;25.00;24.93;3198.90;0;4;14.34;14.31;0.54;0.50;14.52;14.29;13.61;12.03;43.00;41.13;54.42;52.19;2.27;2.10;54.06;51.50;52.12;44.44;162.87;150.23;123699512
1671721639.000;1;1643326976;0;1;1;40;100;0.00;0.00;0;4.0923;2.5000;1.0000;-1.0000;0.1500;-0.1500;nan;nan;0.039474;0.039474;0.000000;0.161540;0.161540;0.000000;nan;nan;4.0808;4.0889;87.1927;88.5827;39.56;39.61;636.80;0;4;14.34;14.31;0.54;0.50;14.56;14.33;13.65;12.03;43.08;41.17;54.42;52.19;2.27;2.10;54.22;51.65;52.28;44.44;163.18;150.38;125806980
1671732852.000;1;1646218752;0;0;1;40;100;0.00;0.00;0;4.2000;3.9279;1.0000;-1.0000;0.1500;-0.1500;nan;nan;-0.513434;0.000000;-0.513434;-2.046335;0.000000;-2.046335;nan;nan;4.0842;3.9306;88.4759;70.3653;39.58;39.33;2401.00;0;4;14.34;14.31;0.54;0.50;14.56;14.33;13.69;12.58;43.12;41.72;54.42;52.19;2.27;2.10;54.22;51.65;52.43;46.64;163.34;152.57;126876241
1671741082.000;1;1648343040;0;0;1;40;100;0.00;0.00;0;4.2000;3.7271;1.0000;-1.0000;0.1500;-0.1500;nan;nan;-0.563807;0.000000;-0.563807;-2.142740;0.000000;-2.142740;nan;nan;3.9350;3.7296;70.1751;50.2877;39.27;39.39;2474.10;0;4;14.34;14.31;0.54;0.50;14.56;14.33;13.72;13.18;43.16;42.32;54.42;52.19;2.27;2.10;54.22;51.65;52.58;48.92;163.49;154.86;127661111
1671749088.000;1;1650409984;0;0;1;40;100;0.00;0.00;0;4.2000;3.5676;1.0000;-1.0000;0.1500;-0.1500;nan;nan;-0.539462;0.000000;-0.539462;-1.952706;0.000000;-1.952706;nan;nan;3.7345;3.5726;49.8350;30.8063;39.24;39.55;2383.00;0;4;14.34;14.31;0.54;0.50;14.56;14.33;13.76;13.76;43.19;42.90;54.42;52.19;2.27;2.10;54.22;51.65;52.72;51.01;163.63;156.95;128424767
1671757059.000;1;1652470784;0;0;1;40;100;0.00;0.00;0;4.2000;3.2491;1.0000;-1.0000;0.1500;-0.1500;nan;nan;-0.578328;0.000000;-0.578328;-1.976338;0.000000;-1.976338;nan;nan;3.5764;3.2492;28.6901;8.2905;39.67;39.47;2271.40;0;4;14.34;14.31;0.54;0.50;14.56;14.33;13.80;14.38;43.23;43.51;54.42;52.19;2.27;2.10;54.22;51.65;52.86;53.12;163.77;159.06;129185038
1671772073.000;1;1656347136;0;1;1;40;100;0.00;0.00;0;4.2050;2.5000;1.0000;-1.0000;0.1500;-0.1500;nan;nan;2.551361;2.551361;0.000000;9.812287;9.812287;0.000000;nan;nan;3.2992;4.1869;8.8951;98.7332;39.63;38.97;9489.30;0;4;14.34;14.31;0.54;0.50;14.57;14.34;16.38;14.40;45.82;43.55;54.42;52.19;2.27;2.10;54.26;51.68;62.76;53.21;173.71;159.18;130616891
1673459668.000;1;2091018240;0;0;1;40;100;0.00;0.00;0;4.2000;2.6000;1.0000;-1.0000;0.1500;-0.1500;nan;nan;-2.807555;0.000000;-2.807555;-10.280057;0.000000;-10.280057;nan;nan;4.1955;2.6148;99.8304;0.7982;24.71;25.56;10267.00;0;5;14.34;14.31;0.67;0.63;14.57;17.15;16.38;14.40;45.96;46.50;54.42;52.19;2.84;2.67;54.26;61.97;62.76;53.21;174.28;170.03;63201099
1673460134.000;1;2091138048;0;0;1;40;100;0.00;0.00;0;4.2000;2.5000;1.0000;-1.0000;0.1500;-0.1500;nan;nan;-0.016549;0.000000;-0.016549;-0.041957;0.000000;-0.041957;nan;nan;2.7271;2.5128;0.7266;0.1428;25.11;25.13;166.20;0;5;14.34;14.31;0.67;0.63;14.57;17.17;16.38;14.40;45.96;46.51;54.42;52.19;2.84;2.67;54.26;62.01;62.76;53.21;174.28;170.07;63245558
1673471257.000;1;2093996544;2;1;1;40;100;0.00;0.00;0;4.2000;2.5000;1.0000;-1.0000;0.1500;-0.1500;2.818246;87.883043;2.790770;2.790770;0.000000;10.621832;10.621832;0.000000;nan;nan;2.6311;4.1847;0.4197;99.4448;24.93;24.74;10524.60;0;5;17.13;14.31;0.67;0.63;14.57;17.17;16.38;14.40;48.75;46.51;65.04;52.19;2.84;2.67;54.26;62.01;62.76;53.21;184.90;170.07;64306476
1673481750.000;1;2096711168;2;0;1;40;100;0.00;0.00;0;4.2000;2.5000;1.0000;-1.0000;0.1500;-0.1500;2.814062;87.604159;-2.785071;0.000000;-2.785071;-10.191604;0.000000;-10.191604;99.795783;95.949584;4.1847;2.6482;99.4448;0.4750;24.74;25.60;10191.60;0;5;17.13;17.09;0.67;0.63;14.57;17.17;16.38;14.40;48.75;49.30;65.04;62.39;2.84;2.67;54.26;62.01;62.76;53.21;184.90;180.27;65307042
1673483055.000;1;2097048576;0;1;1;40;100;0.00;0.00;0;3.4109;2.5000;1.0000;-1.0000;0.1500;-0.1500;nan;nan;0.250688;0.250688;0.000000;0.823823;0.823823;0.000000;nan;nan;2.6482;3.4033;0.4750;9.3702;25.60;24.94;1306.00;0;5;17.13;17.09;0.67;0.63;14.82;17.17;16.38;14.40;49.00;49.30;65.04;62.39;2.84;2.67;55.08;62.01;62.76;53.21;185.72;180.27;65431590
1673490663.000;1;2099012608;0;1;1;40;100;0.00;0.00;0;3.6091;2.5000;1.0000;-1.0000;0.1500;-0.1500;nan;nan;0.516093;0.516093;0.000000;1.829860;1.829860;0.000000;nan;nan;3.3852;3.6090;12.5278;30.8404;24.77;24.79;2400.70;0;5;17.13;17.09;0.67;0.63;15.37;17.20;16.38;14.40;49.55;49.33;65.04;62.39;2.84;2.67;57.04;62.13;62.76;53.21;187.68;180.39;66157270
1673498853.000;1;2101126656;0;1;1;40;100;0.00;0.00;0;3.7453;2.5000;1.0000;-1.0000;0.1500;-0.1500;nan;nan;0.559976;0.559976;0.000000;2.072925;2.072925;0.000000;nan;nan;3.5960;3.7452;30.9991;50.8687;24.91;25.05;2660.50;0;5;17.13;17.09;0.67;0.63;15.97;17.24;16.38;14.40;50.15;49.37;65.04;62.39;2.84;2.67;59.25;62.26;62.76;53.21;189.89;180.52;66938193
1673507682.000;1;2103404032;0;1;1;40;100;0.00;0.00;0;3.9393;2.5000;1.0000;-1.0000;0.1500;-0.1500;nan;nan;0.552567;0.552567;0.000000;2.145575;2.145575;0.000000;nan;nan;3.7311;3.9342;49.4746;69.0814;24.97;24.80;2685.91;0;5;17.13;17.09;0.67;0.63;16.56;17.28;16.38;14.40;50.74;49.41;65.04;62.39;2.84;2.67;61.54;62.40;62.76;53.21;192.18;180.66;67780421
1673512741.000;1;2104703488;0;1;1;40;100;0.00;0.00;0;4.0923;2.5000;1.0000;-1.0000;0.1500;-0.1500;nan;nan;0.514281;0.514281;0.000000;2.084088;2.084088;0.000000;nan;nan;3.9301;4.0874;69.5843;87.8325;24.86;24.77;3208.20;0;5;17.13;17.09;0.67;0.63;17.12;17.32;16.38;14.40;51.29;49.45;65.04;62.39;2.84;2.67;63.77;62.54;62.76;53.21;194.41;180.80;68262794
1673529036.000;1;2108881920;0;1;1;40;100;0.00;0.00;0;4.0923;2.5000;1.0000;-1.0000;0.1500;-0.1500;nan;nan;0.040425;0.040425;0.000000;0.165431;0.165431;0.000000;nan;nan;4.0808;4.0889;87.1847;88.6192;39.36;39.52;666.60;0;5;17.13;17.09;0.67;0.63;17.15;17.35;16.42;14.40;51.37;49.48;65.04;62.39;2.84;2.67;63.93;62.69;62.93;53.21;194.73;180.95;69816907
1673538994.000;1;2111450112;0;0;1;40;100;0.00;0.00;0;4.2000;3.9279;1.0000;-1.0000;0.1500;-0.1500;nan;nan;-0.513716;0.000000;-0.513716;-2.047247;0.000000;-2.047247;nan;nan;4.0841;3.9299;88.4531;70.1978;39.37;39.43;2408.81;0;5;17.13;17.09;0.67;0.63;17.15;17.35;16.46;14.96;51.41;50.04;65.04;62.39;2.84;2.67;63.93;62.69;63.08;55.41;194.89;183.15;70766511
1673547869.000;1;2113741312;0;0;1;40;100;0.00;0.00;0;4.2000;3.7271;1.0000;-1.0000;0.1500;-0.1500;nan;nan;-0.561706;0.000000;-0.561706;-2.134511;0.000000;-2.134512;nan;nan;3.9351;3.7294;70.1879;50.2272;39.46;39.17;2475.60;0;5;17.13;17.09;0.67;0.63;17.15;17.35;16.49;15.55;51.45;50.64;65.04;62.39;2.84;2.67;63.93;62.69;63.23;57.69;195.04;185.43;71612887
1673556041.000;1;2115850752;0;0;1;40;100;0.00;0.00;0;4.2000;3.5676;1.0000;-1.0000;0.1500;-0.1500;nan;nan;-0.534935;0.000000;-0.534935;-1.936171;0.000000;-1.936171;nan;nan;3.7347;3.5729;49.8590;30.8496;39.36;39.53;2370.60;0;5;17.13;17.09;0.67;0.63;17.15;17.35;16.53;16.13;51.49;51.21;65.04;62.39;2.84;2.67;63.93;62.69;63.38;59.76;195.19;187.51;72392332
1673564050.000;1;2117920256;0;0;1;40;100;0.00;0.00;0;4.2000;3.2491;1.0000;-1.0000;0.1500;-0.1500;nan;nan;-0.570540;0.000000;-0.570540;-1.949860;0.000000;-1.949860;nan;nan;3.5764;3.2492;28.6901;8.4155;39.22;39.92;2238.79;0;5;17.13;17.09;0.67;0.63;17.15;17.35;16.57;16.74;51.53;51.82;65.04;62.39;2.84;2.67;63.93;62.69;63.52;61.84;195.32;189.59;73156236
1673579060.000;1;2121795584;0;1;1;40;100;0.00;0.00;0;4.2050;2.5000;1.0000;-1.0000;0.1500;-0.1500;nan;nan;2.540074;2.540074;0.000000;9.774137;9.774137;0.000000;nan;nan;3.2988;4.1896;8.8812;99.0108;39.09;39.18;9458.00;0;5;17.13;17.09;0.67;0.63;17.16;17.37;19.14;16.76;54.10;51.86;65.04;62.39;2.84;2.67;63.96;62.73;73.38;61.93;205.23;189.71;74587641
1675273701.000;1;2557582336;0;0;1;40;100;0.00;0.00;0;4.2000;2.6000;1.0000;-1.0000;0.1500;-0.1500;nan;nan;-2.787435;0.000000;-2.787435;-10.213255;0.000000;-10.213255;nan;nan;4.1946;2.6105;99.7977;0.7440;24.88;25.60;10192.89;0;6;17.13;17.09;0.81;0.75;17.16;20.15;19.14;16.76;54.24;54.76;65.04;62.39;3.40;3.16;63.96;72.94;73.38;61.93;205.78;200.42;49508564
1675274165.000;1;2557701632;0;0;1;40;100;0.00;0.00;0;4.2000;2.5000;1.0000;-1.0000;0.1500;-0.1500;nan;nan;-0.016240;0.000000;-0.016240;-0.041199;0.000000;-0.041199;nan;nan;2.7279;2.5136;0.7295;0.1524;25.15;25.18;162.10;0;6;17.13;17.09;0.81;0.75;17.16;20.17;19.14;16.76;54.24;54.78;65.04;62.39;3.40;3.16;63.96;72.98;73.38;61.93;205.78;200.46;49552632
1675285224.000;1;2560543232;2;1;1;40;100;0.00;0.00;0;4.2000;2.5000;1.0000;-1.0000;0.1500;-0.1500;2.798311;86.554080;2.770334;2.770334;0.000000;10.552238;10.552238;0.000000;nan;nan;2.6319;4.1841;0.4221;99.4224;24.95;24.83;10459.09;0;6;19.90;17.09;0.81;0.75;17.16;20.17;19.14;16.76;57.01;54.78;75.60;62.39;3.40;3.16;63.96;72.98;73.38;61.93;216.34;200.46;50607324
1675295641.000;1;2563235840;2;0;1;40;100;0.00;0.00;0;4.2000;2.5000;1.0000;-1.0000;0.1500;-0.1500;2.795092;86.339492;-2.765640;0.000000;-2.765640;-10.127002;0.000000;-10.127002;99.830544;95.970184;4.1841;2.6486;99.4224;0.4761;24.83;25.41;10119.40;0;6;19.90;19.86;0.81;0.75;17.16;20.17;19.14;16.76;57.01;57.54;75.60;72.51;3.40;3.16;63.96;72.98;73.38;61.93;216.34;210.59;51600978
1675296930.000;1;2563569152;0;1;1;40;100;0.00;0.00;0;3.4109;2.5000;1.0000;-1.0000;0.1500;-0.1500;nan;nan;0.244828;0.244828;0.000000;0.804398;0.804398;0.000000;nan;nan;2.6486;3.4019;0.4761;9.2252;25.41;24.99;1287.70;0;6;19.90;19.86;0.81;0.75;17.41;20.17;19.14;16.76;57.25;57.54;75.60;72.51;3.40;3.16;64.77;72.98;73.38;61.93;217.14;210.59;51723800
1675301149.000;1;2564658688;0;1;1;40;100;0.00;0.00;0;3.6091;2.5000;1.0000;-1.0000;0.1500;-0.1500;nan;nan;0.510090;0.510090;0.000000;1.808913;1.808913;0.000000;nan;nan;3.3883;3.6090;12.6929;30.9214;24.53;25.19;2356.20;0;6;19.90;19.86;0.81;0.75;17.96;20.21;19.14;16.76;57.80;57.58;75.60;72.51;3.40;3.16;66.71;73.11;73.38;61.93;219.08;210.71;52126188
1675307993.000;1;2566425088;0;1;1;40;100;0.00;0.00;0;3.7453;2.5000;1.0000;-1.0000;0.1500;-0.1500;nan;nan;0.553188;0.553188;0.000000;2.048143;2.048143;0.000000;nan;nan;3.5962;3.7452;31.0220;50.7907;24.97;24.91;2636.50;0;6;19.90;19.86;0.81;0.75;18.55;20.25;19.14;16.76;58.39;57.62;75.60;72.51;3.40;3.16;68.90;73.24;73.38;61.93;221.27;210.84;52779017
1675314791.000;1;2568178688;0;1;1;40;100;0.00;0.00;0;3.9393;2.5000;1.0000;-1.0000;0.1500;-0.1500;nan;nan;0.550032;0.550032;0.000000;2.135780;2.135780;0.000000;nan;nan;3.7313;3.9344;49.4951;69.1510;24.93;24.74;2675.40;0;6;19.90;19.86;0.81;0.75;19.14;20.28;19.14;16.76;58.98;57.65;75.60;72.51;3.40;3.16;71.18;73.38;73.38;61.93;223.55;210.98;53427249
1675319860.000;1;2569480704;0;1;1;40;100;0.00;0.00;0;4.0923;2.5000;1.0000;-1.0000;0.1500;-0.1500;nan;nan;0.513688;0.513688;0.000000;2.081864;2.081864;0.000000;nan;nan;3.9301;4.0876;69.5854;87.9425;24.91;24.73;3219.10;0;6;19.90;19.86;0.81;0.75;19.69;20.32;19.14;16.76;59.53;57.69;75.60;72.51;3.40;3.16;73.41;73.52;73.38;61.93;225.78;211.12;53910671
1675341580.000;1;2575049216;0;1;1;40;100;0.00;0.00;0;4.0923;2.5000;1.0000;-1.0000;0.1500;-0.1500;nan;nan;0.040796;0.040796;0.000000;0.166948;0.166948;0.000000;nan;nan;4.0807;4.0888;87.1385;88.5964;39.43;39.47;675.40;0;6;19.90;19.86;0.81;0.75;19.73;20.36;19.18;16.76;59.61;57.73;75.60;72.51;3.40;3.16;73.56;73.67;73.55;61.93;226.10;211.27;55982042
1675350779.000;1;2577421312;0;0;1;40;100;0.00;0.00;0;4.2000;3.9279;1.0000;-1.0000;0.1500;-0.1500;nan;nan;-0.513448;0.000000;-0.513448;-2.045869;0.000000;-2.045869;nan;nan;4.0840;3.9292;88.4109;70.0412;39.30;39.40;2433.70;0;6;19.90;19.86;0.81;0.75;19.73;20.36;19.22;17.31;59.65;58.28;75.60;72.51;3.40;3.16;73.56;73.67;73.70;64.12;226.26;213.47;56859548
1675357435.000;1;2579139584;0;0;1;40;100;0.00;0.00;0;4.2000;3.7271;1.0000;-1.0000;0.1500;-0.1500;nan;nan;-0.560106;0.000000;-0.560106;-2.128110;0.000000;-2.128110;nan;nan;3.9350;3.7290;70.1800;50.1411;39.39;39.31;2470.60;0;6;19.90;19.86;0.81;0.75;19.73;20.36;19.25;17.91;59.69;58.88;75.60;72.51;3.40;3.16;73.56;73.67;73.85;66.40;226.41;215.74;57494194
1675363997.000;1;2580833792;0;0;1;40;100;0.00;0.00;0;4.2000;3.5676;1.0000;-1.0000;0.1500;-0.1500;nan;nan;-0.530565;0.000000;-0.530565;-1.920181;0.000000;-1.920181;nan;nan;3.7347;3.5729;49.8548;30.8728;39.27;39.31;2368.40;0;6;19.90;19.86;0.81;0.75;19.73;20.36;19.29;18.48;59.72;59.45;75.60;72.51;3.40;3.16;73.56;73.67;73.99;68.46;226.55;217.80;58120116
1675370196.000;1;2582436352;0;0;1;40;100;0.00;0.00;0;4.2000;3.2491;1.0000;-1.0000;0.1500;-0.1500;nan;nan;-0.563032;0.000000;-0.563032;-1.924300;0.000000;-1.924300;nan;nan;3.5759;3.2492;28.6445;8.5009;39.42;39.82;2210.40;0;6;19.90;19.86;0.81;0.75;19.73;20.36;19.33;19.08;59.76;60.05;75.60;72.51;3.40;3.16;73.56;73.67;74.13;70.51;226.68;219.85;58711190
1675383508.000;1;2585869312;0;1;1;40;100;0.00;0.00;0;4.2050;2.5000;1.0000;-1.0000;0.1500;-0.1500;nan;nan;2.528662;2.528662;0.000000;9.733813;9.733813;0.000000;nan;nan;3.2945;4.1904;8.7161;99.0800;39.40;39.22;9418.10;0;6;19.90;19.86;0.81;0.75;19.74;20.37;21.88;19.11;62.33;60.08;75.60;72.51;3.40;3.16;73.60;73.71;83.95;70.60;236.54;219.98;59980797
1677087234.000;1;3024050176;0;0;1;40;100;0.00;0.00;0;4.2000;2.6000;1.0000;-1.0000;0.1500;-0.1500;nan;nan;-2.768305;0.000000;-2.768305;-10.149087;0.000000;-10.149087;nan;nan;4.1931;2.6071;99.7421;0.7005;24.68;25.77;10121.19;0;7;19.90;19.86;0.94;0.87;19.74;23.14;21.88;19.11;62.46;62.97;75.60;72.51;3.94;3.67;73.60;83.86;83.95;70.60;237.09;230.63;222466159
1677087692.000;1;3024167936;0;0;1;40;100;0.00;0.00;0;4.2000;2.5000;1.0000;-1.0000;0.1500;-0.1500;nan;nan;-0.016019;0.000000;-0.016019;-0.040663;0.000000;-0.040663;nan;nan;2.7290;2.5142;0.7329;0.1597;25.37;25.45;158.09;0;7;19.90;19.86;0.94;0.87;19.74;23.15;21.88;19.11;62.46;62.99;75.60;72.51;3.94;3.67;73.60;83.90;83.95;70.60;237.09;230.67;222509846
1677098690.000;1;3026992128;2;1;1;40;100;0.00;0.00;0;4.2000;2.5000;1.0000;-1.0000;0.1500;-0.1500;2.779665;85.310984;2.751466;2.751466;0.000000;10.487229;10.487229;0.000000;nan;nan;2.6332;4.1840;0.4267;99.4122;25.28;24.92;10399.61;0;7;22.65;19.86;0.94;0.87;19.74;23.15;21.88;19.11;65.21;62.99;86.08;72.51;3.94;3.67;73.60;83.90;83.95;70.60;247.58;230.67;223558846
1677109040.000;1;3029665280;2;0;1;40;100;0.00;0.00;0;4.2000;2.5000;1.0000;-1.0000;0.1500;-0.1500;2.777773;85.184878;-2.748111;0.000000;-2.748111;-10.069433;0.000000;-10.069433;99.878073;96.016145;4.1840;2.6498;99.4122;0.4800;24.92;25.52;10050.40;0;7;22.65;22.61;0.94;0.87;19.74;23.15;21.88;19.11;65.21;65.74;86.08;82.58;3.94;3.67;73.60;83.90;83.95;70.60;247.58;240.74;224545940
1677110293.000;1;3029989376;0;1;1;40;100;0.00;0.00;0;3.4109;2.5000;1.0000;-1.0000;0.1500;-0.1500;nan;nan;0.238800;0.238800;0.000000;0.784252;0.784252;0.000000;nan;nan;2.6498;3.4004;0.4800;9.0710;25.52;25.06;1252.09;0;7;22.65;22.61;0.94;0.87;19.98;23.15;21.88;19.11;65.45;65.74;86.08;82.58;3.94;3.67;74.38;83.90;83.95;70.60;248.36;240.74;224665349
1677115378.000;1;3031302656;0;1;1;40;100;0.00;0.00;0;3.6091;2.5000;1.0000;-1.0000;0.1500;-0.1500;nan;nan;0.504037;0.504037;0.000000;1.787705;1.787705;0.000000;nan;nan;3.3869;3.6090;12.6131;30.7461;24.88;24.79;2328.80;0;7;22.65;22.61;0.94;0.87;20.52;23.19;21.88;19.11;65.99;65.77;86.08;82.58;3.94;3.67;76.30;84.02;83.95;70.60;250.28;240.86;225150410
1677121588.000;1;3032905216;0;1;1;40;100;0.00;0.00;0;3.7453;2.5000;1.0000;-1.0000;0.1500;-0.1500;nan;nan;0.546947;0.546947;0.000000;2.025404;2.025404;0.000000;nan;nan;3.5964;3.7452;31.0443;50.7210;24.91;25.05;2615.10;0;7;22.65;22.61;0.94;0.87;21.11;23.23;21.88;19.11;66.58;65.81;86.08;82.58;3.94;3.67;78.47;84.15;83.95;70.60;252.44;241.00;225742609
1677127460.000;1;3034417152;0;1;1;40;100;0.00;0.00;0;3.9393;2.5000;1.0000;-1.0000;0.1500;-0.1500;nan;nan;0.548151;0.548151;0.000000;2.128726;2.128726;0.000000;nan;nan;3.7314;3.9347;49.5024;69.2224;24.81;25.14;2676.50;0;7;22.65;22.61;0.94;0.87;21.69;23.27;21.88;19.11;67.16;65.85;86.08;82.58;3.94;3.67;80.74;84.29;83.95;70.60;254.72;241.14;226302763
1677132541.000;1;3035721216;0;1;1;40;100;0.00;0.00;0;4.0923;2.5000;1.0000;-1.0000;0.1500;-0.1500;nan;nan;0.513375;0.513375;0.000000;2.080815;2.080815;0.000000;nan;nan;3.9299;4.0876;69.5595;88.0284;24.95;24.86;3234.90;0;7;22.65;22.61;0.94;0.87;22.24;23.30;21.88;19.11;67.71;65.89;86.08;82.58;3.94;3.67;82.97;84.44;83.95;70.60;256.95;241.28;226787272
1677153483.000;1;3041089024;0;1;1;40;100;0.00;0.00;0;4.0923;2.5000;1.0000;-1.0000;0.1500;-0.1500;nan;nan;0.042020;0.042020;0.000000;0.171959;0.171959;0.000000;nan;nan;4.0806;4.0895;87.1215;89.0595;39.67;39.77;978.39;0;7;22.65;22.61;0.94;0.87;22.28;23.34;21.93;19.11;67.79;65.92;86.08;82.58;3.94;3.67;83.13;84.59;84.12;70.60;257.27;241.43;228784485
1677162716.000;1;3043469312;0;0;1;40;100;0.00;0.00;0;4.2000;3.9279;1.0000;-1.0000;0.1500;-0.1500;nan;nan;-0.513410;0.000000;-0.513410;-2.045582;0.000000;-2.045582;nan;nan;4.0839;3.9287;88.3844;69.9016;39.57;39.98;2430.40;0;7;22.65;22.61;0.94;0.87;22.28;23.34;21.96;19.66;67.83;66.48;86.08;82.58;3.94;3.67;83.13;84.59;84.28;72.79;257.43;243.63;229664984
1677168531.000;1;3044970496;0;0;1;40;100;0.00;0.00;0;4.2000;3.7271;1.0000;-1.0000;0.1500;-0.1500;nan;nan;-0.558784;0.000000;-0.558784;-2.123006;0.000000;-2.123006;nan;nan;3.9351;3.7287;70.1903;50.0740;39.97;39.57;2470.50;0;7;22.65;22.61;0.94;0.87;22.28;23.34;22.00;20.25;67.87;67.07;86.08;82.58;3.94;3.67;83.13;84.59;84.43;75.06;257.58;245.89;230219675
1677174353.000;1;3046473728;0;0;1;40;100;0.00;0.00;0;4.2000;3.5676;1.0000;-1.0000;0.1500;-0.1500;nan;nan;-0.525675;0.000000;-0.525675;-1.902386;0.000000;-1.902386;nan;nan;3.7349;3.5734;49.8723;30.9479;39.73;40.06;2338.09;0;7;22.65;22.61;0.94;0.87;22.28;23.34;22.04;20.82;67.91;67.64;86.08;82.58;3.94;3.67;83.13;84.59;84.57;77.10;257.72;247.93;230774852
1677180076.000;1;3047953408;0;0;1;40;100;0.00;0.00;0;4.2000;3.2491;1.0000;-1.0000;0.1500;-0.1500;nan;nan;-0.557350;0.000000;-0.557350;-1.905233;0.000000;-1.905233;nan;nan;3.5760;3.2492;28.6562;8.5916;39.82;40.39;2184.19;0;7;22.65;22.61;0.94;0.87;22.28;23.34;22.08;21.41;67.95;68.23;86.08;82.58;3.94;3.67;83.13;84.59;84.71;79.13;257.86;249.97;231320676
1677192732.000;1;3051214848;0;1;1;40;100;0.00;0.00;0;4.2050;2.5000;1.0000;-1.0000;0.1500;-0.1500;nan;nan;2.518290;2.518290;0.000000;9.697677;9.697677;0.000000;nan;nan;3.2925;4.1922;8.6409;99.2378;39.81;40.03;9385.91;0;7;22.65;22.61;0.94;0.87;22.29;23.35;24.62;21.44;70.50;68.27;86.08;82.58;3.94;3.67;83.16;84.62;94.49;79.22;267.68;250.09;232527585
1678901908.000;1;3490721792;0;0;1;40;100;0.00;0.00;0;4.2000;2.6000;1.0000;-1.0000;0.1500;-0.1500;nan;nan;-2.752544;0.000000;-2.752544;-10.096454;0.000000;-10.096454;nan;nan;4.1937;2.6049;99.7646;0.6728;24.81;25.94;10061.90;0;8;22.65;22.61;1.06;0.99;22.29;26.11;24.62;21.44;70.63;71.14;86.08;82.58;4.48;4.17;83.16;94.72;94.49;79.22;268.22;260.69;395532866
1678902364.000;1;3490839040;0;0;1;40;100;0.00;0.00;0;4.2000;2.5000;1.0000;-1.0000;0.1500;-0.1500;nan;nan;-0.015812;0.000000;-0.015812;-0.040158;0.000000;-0.040158;nan;nan;2.7302;2.5149;0.7369;0.1677;25.50;25.53;155.11;0;8;22.65;22.61;1.06;0.99;22.29;26.12;24.62;21.44;70.63;71.16;86.08;82.58;4.48;4.17;83.16;94.76;94.49;79.22;268.22;260.73;395576267
1678913319.000;1;3493651456;2;1;1;40;100;0.00;0.00;0;4.2000;2.5000;1.0000;-1.0000;0.1500;-0.1500;2.762401;84.160042;2.733865;2.733865;0.000000;10.427406;10.427406;0.000000;nan;nan;2.6344;4.1836;0.4304;99.3974;25.31;24.95;10355.20;0;8;25.38;22.61;1.06;0.99;22.29;26.12;24.62;21.44;73.36;71.16;96.51;82.58;4.48;4.17;83.16;94.76;94.49;79.22;278.64;260.73;396621044
1678923606.000;1;3496309248;2;0;1;40;100;0.00;0.00;0;4.2000;2.5000;1.0000;-1.0000;0.1500;-0.1500;2.761359;84.090614;-2.731414;0.000000;-2.731414;-10.012538;0.000000;-10.012538;99.910325;96.021366;4.1836;2.6504;99.3974;0.4819;24.95;25.53;9989.30;0;8;25.38;25.34;1.06;0.99;22.29;26.12;24.62;21.44;73.36;73.89;96.51;92.59;4.48;4.17;83.16;94.76;94.49;79.22;278.64;270.75;397602302
1678924841.000;1;3496628736;0;1;1;40;100;0.00;0.00;0;3.4109;2.5000;1.0000;-1.0000;0.1500;-0.1500;nan;nan;0.233637;0.233637;0.000000;0.767116;0.767116;0.000000;nan;nan;2.6504;3.3991;0.4819;8.9396;25.53;24.99;1235.50;0;8;25.38;25.34;1.06;0.99;22.53;26.12;24.62;21.44;73.60;73.89;96.51;92.59;4.48;4.17;83.93;94.76;94.49;79.22;279.41;270.75;397720128
1678929870.000;1;3497927680;0;1;1;40;100;0.00;0.00;0;3.6091;2.5000;1.0000;-1.0000;0.1500;-0.1500;nan;nan;0.499083;0.499083;0.000000;1.770529;1.770529;0.000000;nan;nan;3.3871;3.6090;12.6238;30.6908;24.78;24.83;2313.29;0;8;25.38;25.34;1.06;0.99;23.06;26.16;24.62;21.44;74.13;73.93;96.51;92.59;4.48;4.17;85.83;94.88;94.49;79.22;281.31;270.87;398199621
1678936178.000;1;3499555840;0;1;1;40;100;0.00;0.00;0;3.7453;2.5000;1.0000;-1.0000;0.1500;-0.1500;nan;nan;0.540593;0.540593;0.000000;2.002337;2.002337;0.000000;nan;nan;3.5962;3.7452;31.0287;50.5984;24.75;25.01;2596.70;0;8;25.38;25.34;1.06;0.99;23.64;26.20;24.62;21.44;74.71;73.96;96.51;92.59;4.48;4.17;87.97;95.02;94.49;79.22;283.45;271.00;398801250
1678942115.000;1;3501083648;0;1;1;40;100;0.00;0.00;0;3.9393;2.5000;1.0000;-1.0000;0.1500;-0.1500;nan;nan;0.546120;0.546120;0.000000;2.121021;2.121021;0.000000;nan;nan;3.7312;3.9347;49.4857;69.2555;24.85;24.92;2683.40;0;8;25.38;25.34;1.06;0.99;24.23;26.23;24.62;21.44;75.30;74.00;96.51;92.59;4.48;4.17;90.24;95.15;94.49;79.22;285.72;271.14;399367325
1678947151.000;1;3502376448;0;1;1;40;100;0.00;0.00;0;4.0923;2.5000;1.0000;-1.0000;0.1500;-0.1500;nan;nan;0.511030;0.511030;0.000000;2.071462;2.071462;0.000000;nan;nan;3.9298;4.0876;69.5482;88.0476;24.99;24.86;3214.40;0;8;25.38;25.34;1.06;0.99;24.77;26.27;24.62;21.44;75.85;74.04;96.51;92.59;4.48;4.17;92.46;95.30;94.49;79.22;287.94;271.28;399847667
1678965768.000;1;3507148800;0;1;1;40;100;0.00;0.00;0;4.0923;2.5000;1.0000;-1.0000;0.1500;-0.1500;nan;nan;0.041288;0.041288;0.000000;0.168963;0.168963;0.000000;nan;nan;4.0804;4.0886;87.0573;88.5520;39.86;39.71;693.19;0;8;25.38;25.34;1.06;0.99;24.81;26.31;24.66;21.44;75.92;74.08;96.51;92.59;4.48;4.17;92.61;95.44;94.66;79.22;288.26;271.43;401623158
1678974909.000;1;3509505536;0;0;1;40;100;0.00;0.00;0;4.2000;3.9279;1.0000;-1.0000;0.1500;-0.1500;nan;nan;-0.508900;0.000000;-0.508900;-2.027315;0.000000;-2.027315;nan;nan;4.0837;3.9287;88.3221;69.8928;39.94;39.66;2411.20;0;8;25.38;25.34;1.06;0.99;24.81;26.31;24.70;21.98;75.96;74.62;96.51;92.59;4.48;4.17;92.61;95.44;94.82;81.40;288.41;273.61;402494981
1678980796.000;1;3511025152;0;0;1;40;100;0.00;0.00;0;4.2000;3.7271;1.0000;-1.0000;0.1500;-0.1500;nan;nan;-0.558282;0.000000;-0.558282;-2.120914;0.000000;-2.120914;nan;nan;3.9355;3.7285;70.2349;50.0172;39.75;39.52;2471.40;0;8;25.38;25.34;1.06;0.99;24.81;26.31;24.74;22.58;76.00;75.22;96.51;92.59;4.48;4.17;92.61;95.44;94.97;83.66;288.57;275.88;403056527
1678986608.000;1;3512525824;0;0;1;40;100;0.00;0.00;0;4.2000;3.5676;1.0000;-1.0000;0.1500;-0.1500;nan;nan;-0.521869;0.000000;-0.521869;-1.888406;0.000000;-1.888406;nan;nan;3.7351;3.5736;49.8932;30.9942;39.74;40.00;2331.20;0;8;25.38;25.34;1.06;0.99;24.81;26.31;24.78;23.14;76.04;75.78;96.51;92.59;4.48;4.17;92.61;95.44;95.11;85.69;288.71;277.90;403610866
1678992314.000;1;3514001408;0;0;1;40;100;0.00;0.00;0;4.2000;3.2491;1.0000;-1.0000;0.1500;-0.1500;nan;nan;-0.551423;0.000000;-0.551423;-1.884935;0.000000;-1.884935;nan;nan;3.5761;3.2492;28.6643;8.6951;39.59;40.31;2164.20;0;8;25.38;25.34;1.06;0.99;24.81;26.31;24.82;23.73;76.08;76.37;96.51;92.59;4.48;4.17;92.61;95.44;95.25;87.70;288.85;279.92;404154954
1679005019.000;1;3517274624;0;1;1;40;100;0.00;0.00;0;4.2050;2.5000;1.0000;-1.0000;0.1500;-0.1500;nan;nan;2.507908;2.507908;0.000000;9.662402;9.662402;0.000000;nan;nan;3.2936;4.1949;8.6800;99.4673;39.85;39.90;9361.30;0;8;25.38;25.34;1.06;0.99;24.82;26.32;27.35;23.75;78.62;76.40;96.51;92.59;4.48;4.17;92.65;95.48;105.00;87.79;298.64;280.04;405366621
1680716815.000;1;3957462016;0;0;1;40;100;0.00;0.00;0;4.2000;2.6000;1.0000;-1.0000;0.1500;-0.1500;nan;nan;-2.739105;0.000000;-2.739105;-10.051476;0.000000;-10.051476;nan;nan;4.1955;2.6020;99.8299;0.6358;24.83;26.21;10011.60;0;9;25.38;25.34;1.19;1.11;24.82;29.06;27.35;23.75;78.75;79.26;96.51;92.59;5.02;4.68;92.65;105.53;105.00;87.79;299.18;290.60;568621598
1680717267.000;1;3957578240;0;0;1;40;100;0.00;0.00;0;4.2000;2.5000;1.0000;-1.0000;0.1500;-0.1500;nan;nan;-0.015733;0.000000;-0.015733;-0.039980;0.000000;-0.039980;nan;nan;2.7318;2.5153;0.7422;0.1724;25.78;25.77;153.10;0;9;25.38;25.34;1.19;1.11;24.82;29.07;27.35;23.75;78.75;79.28;96.51;92.59;5.02;4.68;92.65;105.57;105.00;87.79;299.18;290.64;568664807
1680728184.000;1;3960380416;2;1;1;40;100;0.00;0.00;0;4.2000;2.5000;1.0000;-1.0000;0.1500;-0.1500;2.746105;83.073694;2.717112;2.717112;0.000000;10.369815;10.369815;0.000000;nan;nan;2.6358;4.1831;0.4352;99.3794;25.50;24.92;10317.40;0;9;28.10;25.34;1.19;1.11;24.82;29.07;27.35;23.75;81.47;79.28;106.88;92.59;5.02;4.68;92.65;105.57;105.00;87.79;309.55;290.64;569705971
1680738417.000;1;3963024384;2;0;1;40;100;0.00;0.00;0;4.2000;2.5000;1.0000;-1.0000;0.1500;-0.1500;2.745924;83.061570;-2.715438;0.000000;-2.715438;-9.957113;0.000000;-9.957113;99.938387;96.020162;4.1831;2.6528;99.3794;0.4896;24.92;25.46;9931.80;0;9;28.10;28.05;1.19;1.11;24.82;29.07;27.35;23.75;81.47;81.99;106.88;102.55;5.02;4.68;92.65;105.57;105.00;87.79;309.55;300.59;570681757
1680739626.000;1;3963337728;0;1;1;40;100;0.00;0.00;0;3.4109;2.5000;1.0000;-1.0000;0.1500;-0.1500;nan;nan;0.228472;0.228472;0.000000;0.750060;0.750060;0.000000;nan;nan;2.6528;3.3978;0.4896;8.8094;25.46;24.98;1210.80;0;9;28.10;28.05;1.19;1.11;25.05;29.07;27.35;23.75;81.70;81.99;106.88;102.55;5.02;4.68;93.40;105.57;105.00;87.79;310.30;300.59;570797228
1680744763.000;1;3964664320;0;1;1;40;100;0.00;0.00;0;3.6091;2.5000;1.0000;-1.0000;0.1500;-0.1500;nan;nan;0.494449;0.494449;0.000000;1.754467;1.754467;0.000000;nan;nan;3.3873;3.6090;12.6395;30.6449;24.81;24.82;2296.70;0;9;28.10;28.05;1.19;1.11;25.58;29.11;27.35;23.75;82.23;82.03;106.88;102.55;5.02;4.68;95.28;105.69;105.00;87.79;312.18;300.72;571287008
1680750861.000;1;3966238208;0;1;1;40;100;0.00;0.00;0;3.7453;2.5000;1.0000;-1.0000;0.1500;-0.1500;nan;nan;0.534969;0.534969;0.000000;1.981945;1.981945;0.000000;nan;nan;3.5964;3.7451;31.0450;50.5261;24.75;25.06;2593.31;0;9;28.10;28.05;1.19;1.11;26.16;29.15;27.35;23.75;82.80;82.07;106.88;102.55;5.02;4.68;97.41;105.83;105.00;87.79;314.30;300.85;571868596
1680756983.000;1;3967814144;0;1;1;40;100;0.00;0.00;0;3.9393;2.5000;1.0000;-1.0000;0.1500;-0.1500;nan;nan;0.543563;0.543563;0.000000;2.111347;2.111347;0.000000;nan;nan;3.7312;3.9348;49.4871;69.2811;24.78;24.98;2687.70;0;9;28.10;28.05;1.19;1.11;26.74;29.19;27.35;23.75;83.38;82.11;106.88;102.55;5.02;4.68;99.66;105.96;105.00;87.79;316.56;300.99;572452538
1680762052.000;1;3969115136;0;1;1;40;100;0.00;0.00;0;4.0923;2.5000;1.0000;-1.0000;0.1500;-0.1500;nan;nan;0.509389;0.509389;0.000000;2.065063;2.065063;0.000000;nan;nan;3.9296;4.0876;69.5193;88.0688;24.98;24.90;3229.01;0;9;28.10;28.05;1.19;1.11;27.29;29.23;27.35;23.75;83.93;82.14;106.88;102.55;5.02;4.68;101.88;106.11;105.00;87.79;318.78;301.13;572935940
1680792443.000;1;3976902144;0;1;1;40;100;0.00;0.00;0;4.0923;2.5000;1.0000;-1.0000;0.1500;-0.1500;nan;nan;0.041902;0.041902;0.000000;0.171475;0.171475;0.000000;nan;nan;4.0800;4.0886;86.9772;88.5030;39.65;39.74;709.30;0;9;28.10;28.05;1.19;1.11;27.32;29.26;27.39;23.75;84.01;82.18;106.88;102.55;5.02;4.68;102.03;106.26;105.17;87.79;319.10;301.28;575834305
1680800743.000;1;3979042304;0;0;1;40;100;0.00;0.00;0;4.2000;3.9279;1.0000;-1.0000;0.1500;-0.1500;nan;nan;-0.506519;0.000000;-0.506519;-2.017436;0.000000;-2.017436;nan;nan;4.0836;3.9286;88.3011;69.8549;39.79;39.77;2413.50;0;9;28.10;28.05;1.19;1.11;27.32;29.26;27.43;24.30;84.05;82.73;106.88;102.55;5.02;4.68;102.03;106.26;105.33;89.96;319.25;303.45;576626001
1680806555.000;1;3980542976;0;0;1;40;100;0.00;0.00;0;4.2000;3.7271;1.0000;-1.0000;0.1500;-0.1500;nan;nan;-0.557308;0.000000;-0.557308;-2.116866;0.000000;-2.116866;nan;nan;3.9355;3.7281;70.2420;49.9462;39.73;39.77;2477.41;0;9;28.10;28.05;1.19;1.11;27.32;29.26;27.47;24.89;84.09;83.32;106.88;102.55;5.02;4.68;102.03;106.26;105.48;92.22;319.41;305.71;577180330
1680812054.000;1;3981963264;0;0;1;40;100;0.00;0.00;0;4.2000;3.5676;1.0000;-1.0000;0.1500;-0.1500;nan;nan;-0.517698;0.000000;-0.517698;-1.873153;0.000000;-1.873153;nan;nan;3.7351;3.5738;49.8948;31.0415;39.80;39.77;2323.19;0;9;28.10;28.05;1.19;1.11;27.32;29.26;27.51;25.45;84.13;83.88;106.88;102.55;5.02;4.68;102.03;106.26;105.62;94.23;319.55;307.72;577704653
1680817676.000;1;3983416320;0;0;1;40;100;0.00;0.00;0;4.2000;3.2491;1.0000;-1.0000;0.1500;-0.1500;nan;nan;-0.545811;0.000000;-0.545811;-1.865855;0.000000;-1.865855;nan;nan;3.5763;3.2492;28.6775;8.8004;39.86;39.96;2142.00;0;9;28.10;28.05;1.19;1.11;27.32;29.26;27.55;26.03;84.16;84.46;106.88;102.55;5.02;4.68;102.03;106.26;105.76;96.23;319.68;309.71;578240876
1680830373.000;1;3986688512;0;1;1;40;100;0.00;0.00;0;4.2050;2.5000;1.0000;-1.0000;0.1500;-0.1500;nan;nan;2.497303;2.497303;0.000000;9.625628;9.625628;0.000000;nan;nan;3.2935;4.1966;8.6744;99.6142;39.84;39.53;9339.01;0;9;28.10;28.05;1.19;1.11;27.34;29.27;30.07;26.06;86.70;84.50;106.88;102.55;5.02;4.68;102.07;106.29;115.47;96.31;329.44;309.83;579451799
1682530075.000;1;4423784448;0;0;1;40;100;0.00;0.00;0;4.2000;2.6000;1.0000;-1.0000;0.1500;-0.1500;nan;nan;-2.723066;0.000000;-2.723066;-9.994876;0.000000;-9.994876;nan;nan;4.1945;2.6011;99.7919;0.6243;24.82;26.09;9954.00;0;10;28.10;28.05;1.32;1.24;27.34;32.00;30.07;26.06;86.83;87.34;106.88;102.55;5.55;5.21;102.07;116.29;115.47;96.31;329.97;320.36;741553260
1682530526.000;1;4423900672;0;0;1;40;100;0.00;0.00;0;4.2000;2.5000;1.0000;-1.0000;0.1500;-0.1500;nan;nan;-0.015682;0.000000;-0.015682;-0.039866;0.000000;-0.039866;nan;nan;2.7340;2.5157;0.7492;0.1781;25.65;25.68;152.31;0;10;28.10;28.05;1.32;1.24;27.34;32.01;30.07;26.06;86.83;87.36;106.88;102.55;5.55;5.21;102.07;116.33;115.47;96.31;329.97;320.40;741596393
1682541405.000;1;4426694144;2;1;1;40;100;0.00;0.00;0;4.2000;2.5000;1.0000;-1.0000;0.1500;-0.1500;2.728870;81.924677;2.699279;2.699279;0.000000;10.308644;10.308644;0.000000;nan;nan;2.6382;4.1825;0.4429;99.3586;25.40;24.94;10278.10;0;10;30.80;28.05;1.32;1.24;27.34;32.01;30.07;26.06;89.52;87.36;117.19;102.55;5.55;5.21;102.07;116.33;115.47;96.31;340.28;320.40;742633809
1682551576.000;1;4429321728;2;0;1;40;100;0.00;0.00;0;4.2000;2.5000;1.0000;-1.0000;0.1500;-0.1500;2.729821;81.988066;-2.698617;0.000000;-2.698617;-9.896843;0.000000;-9.896843;99.975455;96.005279;4.1825;2.6566;99.3586;0.5016;24.94;25.53;9872.30;0;10;30.80;30.75;1.32;1.24;27.34;32.01;30.07;26.06;89.52;90.06;117.19;112.45;5.55;5.21;102.07;116.33;115.47;96.31;340.28;330.30;743603913
1682552766.000;1;4429629440;0;1;1;40;100;0.00;0.00;0;3.4109;2.5000;1.0000;-1.0000;0.1500;-0.1500;nan;nan;0.223948;0.223948;0.000000;0.735126;0.735126;0.000000;nan;nan;2.6566;3.3969;0.5016;8.7083;25.53;25.11;1188.91;0;10;30.80;30.75;1.32;1.24;27.56;32.01;30.07;26.06;89.75;90.06;117.19;112.45;5.55;5.21;102.80;116.33;115.47;96.31;341.01;330.30;743717296
1682557953.000;1;4430968832;0;1;1;40;100;0.00;0.00;0;3.6091;2.5000;1.0000;-1.0000;0.1500;-0.1500;nan;nan;0.490021;0.490021;0.000000;1.739020;1.739020;0.000000;nan;nan;3.3874;3.6090;12.6436;30.6005;24.93;24.96;2277.80;0;10;30.80;30.75;1.32;1.24;28.09;32.05;30.07;26.06;90.28;90.10;117.19;112.45;5.55;5.21;104.67;116.45;115.47;96.31;342.88;330.42;744211968
1682563891.000;1;4432501760;0;1;1;40;100;0.00;0.00;0;3.7453;2.5000;1.0000;-1.0000;0.1500;-0.1500;nan;nan;0.529068;0.529068;0.000000;1.960327;1.960327;0.000000;nan;nan;3.5962;3.7451;31.0170;50.4048;24.92;25.21;2564.09;0;10;30.80;30.75;1.32;1.24;28.65;32.09;30.07;26.06;90.84;90.13;117.19;112.45;5.55;5.21;106.77;116.58;115.47;96.31;344.98;330.55;744778348
1682568976.000;1;4433811456;0;1;1;40;100;0.00;0.00;0;3.9393;2.5000;1.0000;-1.0000;0.1500;-0.1500;nan;nan;0.542644;0.542644;0.000000;2.107885;2.107885;0.000000;nan;nan;3.7312;3.9351;49.4888;69.3741;25.00;25.13;2693.30;0;10;30.80;30.75;1.32;1.24;29.23;32.12;30.07;26.06;91.42;90.17;117.19;112.45;5.55;5.21;109.01;116.71;115.47;96.31;347.23;330.69;745263314
1682574036.000;1;4435110912;0;1;1;40;100;0.00;0.00;0;4.0923;2.5000;1.0000;-1.0000;0.1500;-0.1500;nan;nan;0.508803;0.508803;0.000000;2.062901;2.062901;0.000000;nan;nan;3.9295;4.0877;69.5032;88.1484;25.06;25.00;3249.10;0;10;30.80;30.75;1.32;1.24;29.78;32.16;30.07;26.06;91.97;90.21;117.19;112.45;5.55;5.21;111.23;116.86;115.47;96.31;349.44;330.83;745745858
1682619521.000;1;4446204416;0;1;1;40;100;0.00;0.00;0;4.0923;2.5000;1.0000;-1.0000;0.1500;-0.1500;nan;nan;0.041711;0.041711;0.000000;0.170692;0.170692;0.000000;nan;nan;4.0798;4.0884;86.8573;88.3858;39.66;39.77;698.91;0;10;30.80;30.75;1.32;1.24;29.82;32.20;30.11;26.06;92.05;90.24;117.19;112.45;5.55;5.21;111.38;117.01;115.64;96.31;349.76;330.98;750083922
1682625700.000;1;4447798272;0;0;1;40;100;0.00;0.00;0;4.2000;3.9279;1.0000;-1.0000;0.1500;-0.1500;nan;nan;-0.502685;0.000000;-0.502685;-2.001788;0.000000;-2.001788;nan;nan;4.0839;3.9289;88.3689;69.9543;39.94;39.80;2403.49;0;10;30.80;30.75;1.32;1.24;29.82;32.20;30.15;26.60;92.09;90.78;117.19;112.45;5.55;5.21;111.38;117.01;115.80;98.46;349.92;333.13;750673118
1682631478.000;1;4449290240;0;0;1;40;100;0.00;0.00;0;4.2000;3.7271;1.0000;-1.0000;0.1500;-0.1500;nan;nan;-0.557120;0.000000;-0.557120;-2.115953;0.000000;-2.115953;nan;nan;3.9358;3.7277;70.2697;49.8610;39.79;39.63;2483.90;0;10;30.80;30.75;1.32;1.24;29.82;32.20;30.19;27.19;92.12;91.38;117.19;112.45;5.55;5.21;111.38;117.01;115.95;100.72;350.07;335.39;751224091
1682637132.000;1;4450750464;0;0;1;40;100;0.00;0.00;0;4.2000;3.5676;1.0000;-1.0000;0.1500;-0.1500;nan;nan;-0.513524;0.000000;-0.513524;-1.857897;0.000000;-1.857897;nan;nan;3.7354;3.5743;49.9276;31.1160;39.68;40.00;2311.81;0;10;30.80;30.75;1.32;1.24;29.82;32.20;30.22;27.74;92.16;91.93;117.19;112.45;5.55;5.21;111.38;117.01;116.09;102.72;350.21;337.38;751763393
1682642817.000;1;4452218368;0;0;1;40;100;0.00;0.00;0;4.2000;3.2491;1.0000;-1.0000;0.1500;-0.1500;nan;nan;-0.542135;0.000000;-0.542135;-1.853272;0.000000;-1.853272;nan;nan;3.5765;3.2492;28.7044;8.8447;39.93;40.26;2127.20;0;10;30.80;30.75;1.32;1.24;29.82;32.20;30.26;28.32;92.20;92.51;117.19;112.45;5.55;5.21;111.38;117.01;116.23;104.70;350.35;339.37;752305489
1682655485.000;1;4455485952;0;1;1;40;100;0.00;0.00;0;4.2050;2.5000;1.0000;-1.0000;0.1500;-0.1500;nan;nan;2.488421;2.488421;0.000000;9.596081;9.596081;0.000000;nan;nan;3.2936;4.1995;8.6787;99.8674;39.66;39.93;9343.10;0;10;30.80;30.75;1.32;1.24;29.83;32.21;32.78;28.35;94.73;92.55;117.19;112.45;5.55;5.21;111.42;117.04;125.91;104.79;360.07;339.49;753513675
1684345011.000;1;4890014720;0;0;1;40;100;0.00;0.00;0;4.2000;2.6000;1.0000;-1.0000;0.1500;-0.1500;nan;nan;-2.705246;0.000000;-2.705246;-9.930757;0.000000;-9.930757;nan;nan;4.1931;2.6027;99.7427;0.6430;24.88;25.60;9890.70;0;11;30.80;30.75;1.46;1.38;29.83;34.91;32.78;28.35;94.87;95.39;117.19;112.45;6.16;5.81;111.42;126.97;125.91;104.79;360.68;350.01;914644765
1684345467.000;1;4890131968;0;0;1;40;100;0.00;0.00;0;4.2000;2.5000;1.0000;-1.0000;0.1500;-0.1500;nan;nan;-0.015928;0.000000;-0.015928;-0.040510;0.000000;-0.040510;nan;nan;2.7391;2.5161;0.7655;0.1821;25.15;25.17;155.61;0;11;30.80;30.75;1.46;1.38;29.83;34.93;32.78;28.35;94.87;95.41;117.19;112.45;6.16;5.81;111.42;127.01;125.91;104.79;360.68;350.05;914688214
1684356297.000;1;4892914176;2;1;1;40;100;0.00;0.00;0;4.2000;2.5000;1.0000;-1.0000;0.1500;-0.1500;2.709464;80.630904;2.678828;2.678828;0.000000;10.237065;10.237065;0.000000;nan;nan;2.6429;4.1816;0.4579;99.3272;24.93;24.73;10231.60;0;11;33.48;30.75;1.46;1.38;29.83;34.93;32.78;28.35;97.55;95.41;127.43;112.45;6.16;5.81;111.42;127.01;125.91;104.79;370.91;350.05;915721196
1684366407.000;1;4895525376;2;0;1;40;100;0.00;0.00;0;4.2000;2.5000;1.0000;-1.0000;0.1500;-0.1500;2.711759;80.783957;-2.679395;0.000000;-2.679395;-9.826237;0.000000;-9.826237;100.021172;95.986849;4.1816;2.6625;99.3272;0.5207;24.73;25.61;9808.31;0;11;33.48;33.43;1.46;1.38;29.83;34.93;32.78;28.35;97.55;98.09;127.43;122.27;6.16;5.81;111.42;127.01;125.91;104.79;370.91;359.88;916685198
1684367574.000;1;4895827456;0;1;1;40;100;0.00;0.00;0;3.4109;2.5000;1.0000;-1.0000;0.1500;-0.1500;nan;nan;0.218987;0.218987;0.000000;0.718842;0.718842;0.000000;nan;nan;2.6625;3.3958;0.5207;8.6030;25.61;24.96;1167.80;0;11;33.48;33.43;1.46;1.38;30.05;34.93;32.78;28.35;97.77;98.09;127.43;122.27;6.16;5.81;112.14;127.01;125.91;104.79;371.63;359.88;916796569
1684372927.000;1;4897209344;0;1;1;40;100;0.00;0.00;0;3.6091;2.5000;1.0000;-1.0000;0.1500;-0.1500;nan;nan;0.485366;0.485366;0.000000;1.722934;1.722934;0.000000;nan;nan;3.3876;3.6090;12.6659;30.5797;24.99;24.90;2268.70;0;11;33.48;33.43;1.46;1.38;30.57;34.97;32.78;28.35;98.29;98.13;127.43;122.27;6.16;5.81;113.99;127.13;125.91;104.79;373.49;360.00;917307106
1684377488.000;1;4898386432;0;1;1;40;100;0.00;0.00;0;3.7453;2.5000;1.0000;-1.0000;0.1500;-0.1500;nan;nan;0.523565;0.523565;0.000000;1.940354;1.940354;0.000000;nan;nan;3.5968;3.7451;31.0868;50.4104;24.79;25.26;2552.10;0;11;33.48;33.43;1.46;1.38;31.13;35.00;32.78;28.35;98.85;98.16;127.43;122.27;6.16;5.81;116.07;127.27;125.91;104.79;375.57;360.14;917741998
1684382612.000;1;4899707904;0;1;1;40;100;0.00;0.00;0;3.9393;2.5000;1.0000;-1.0000;0.1500;-0.1500;nan;nan;0.540440;0.540440;0.000000;2.099621;2.099621;0.000000;nan;nan;3.7311;3.9353;49.4759;69.4223;24.98;25.21;2701.80;0;11;33.48;33.43;1.46;1.38;31.71;35.04;32.78;28.35;99.43;98.20;127.43;122.27;6.16;5.81;118.31;127.40;125.91;104.79;377.81;360.27;918230825
1684387653.000;1;4901002240;0;1;1;40;100;0.00;0.00;0;4.0923;2.5000;1.0000;-1.0000;0.1500;-0.1500;nan;nan;0.506816;0.506816;0.000000;2.055060;2.055060;0.000000;nan;nan;3.9292;4.0877;69.4717;88.1771;25.08;25.04;3244.70;0;11;33.48;33.43;1.46;1.38;32.26;35.08;32.78;28.35;99.98;98.24;127.43;122.27;6.16;5.81;120.51;127.54;125.91;104.79;380.01;360.41;918711539
1684490840.000;1;4927429632;0;1;1;40;100;0.00;0.00;0;4.0923;2.5000;1.0000;-1.0000;0.1500;-0.1500;nan;nan;0.044033;0.044033;0.000000;0.180196;0.180196;0.000000;nan;nan;4.0789;4.0881;86.6355;88.2606;39.80;39.64;729.49;0;11;33.48;33.43;1.46;1.38;32.29;35.12;32.82;28.35;100.06;98.28;127.43;122.27;6.16;5.81;120.67;127.70;126.09;104.79;380.35;360.57;928552415
1684497616.000;1;4929177600;0;0;1;40;100;0.00;0.00;0;4.2000;3.9279;1.0000;-1.0000;0.1500;-0.1500;nan;nan;-0.496240;0.000000;-0.496240;-1.975636;0.000000;-1.975636;nan;nan;4.0837;3.9293;88.3122;70.0126;39.72;39.61;2383.70;0;11;33.48;33.43;1.46;1.38;32.29;35.12;32.86;28.88;100.10;98.81;127.43;122.27;6.16;5.81;120.67;127.70;126.25;106.91;380.50;362.69;929198798
1684504280.000;1;4930897920;0;0;1;40;100;0.00;0.00;0;4.2000;3.7271;1.0000;-1.0000;0.1500;-0.1500;nan;nan;-0.556411;0.000000;-0.556411;-2.112970;0.000000;-2.112970;nan;nan;3.9360;3.7274;70.3000;49.7816;39.61;39.54;2490.60;0;11;33.48;33.43;1.46;1.38;32.29;35.12;32.90;29.48;100.13;99.40;127.43;122.27;6.16;5.81;120.67;127.70;126.39;109.17;380.65;364.95;929834207
1684509864.000;1;4932340224;0;0;1;40;100;0.00;0.00;0;4.2000;3.5676;1.0000;-1.0000;0.1500;-0.1500;nan;nan;-0.508230;0.000000;-0.508230;-1.838511;0.000000;-1.838511;nan;nan;3.7355;3.5746;49.9339;31.1922;39.64;39.91;2302.00;0;11;33.48;33.43;1.46;1.38;32.29;35.12;32.94;30.02;100.17;99.95;127.43;122.27;6.16;5.81;120.67;127.70;126.54;111.15;380.79;366.92;930366855
1684515399.000;1;4933770240;0;0;1;40;100;0.00;0.00;0;4.2000;3.2491;1.0000;-1.0000;0.1500;-0.1500;nan;nan;-0.537851;0.000000;-0.537851;-1.838425;0.000000;-1.838425;nan;nan;3.5767;3.2492;28.7199;8.8859;39.96;40.18;2114.10;0;11;33.48;33.43;1.46;1.38;32.29;35.12;32.97;30.60;100.21;100.53;127.43;122.27;6.16;5.81;120.67;127.70;126.68;113.12;380.93;368.89;930894697
1684529823.000;1;4937486336;0;1;1;40;100;0.00;0.00;0;4.2050;2.5000;1.0000;-1.0000;0.1500;-0.1500;nan;nan;2.587959;2.587959;0.000000;10.022535;10.022535;0.000000;nan;nan;3.2957;4.2010;8.7587;104.2743;39.80;42.11;10889.30;0;12;33.48;33.43;1.46;1.38;32.31;35.13;35.59;30.62;102.84;100.56;127.43;122.27;6.16;5.81;120.71;127.73;136.79;113.20;391.08;369.02;932270393
1686172053.000;1;5359541760;0;0;1;40;100;0.00;0.00;0;4.2000;2.6000;1.0000;-1.0000;0.1500;-0.1500;nan;nan;-2.688247;0.000000;-2.688247;-9.870625;0.000000;-9.870625;nan;nan;4.1940;2.6026;99.7739;0.6410;24.92;25.49;9833.80;0;12;33.48;33.43;1.64;1.55;32.31;37.82;35.59;30.62;103.01;103.42;127.43;122.27;6.89;6.52;120.71;137.60;136.79;113.20;391.82;379.60;1088890722
1686172513.000;1;5359660032;0;0;1;40;100;0.00;0.00;0;4.2000;2.5000;1.0000;-1.0000;0.1500;-0.1500;nan;nan;-0.016317;0.000000;-0.016317;-0.041532;0.000000;-0.041532;nan;nan;2.7451;2.5162;0.7847;0.1830;25.17;25.26;159.39;0;12;33.48;33.43;1.64;1.55;32.31;37.83;35.59;30.62;103.01;103.44;127.43;122.27;6.89;6.52;120.71;137.64;136.79;113.20;391.82;379.64;1088934533
1686183298.000;1;5362425856;2;1;1;40;100;0.00;0.00;0;4.2000;2.5000;1.0000;-1.0000;0.1500;-0.1500;2.687538;79.169226;2.655594;2.655594;0.000000;10.154032;10.154032;0.000000;nan;nan;2.6506;4.1807;0.4826;99.2940;25.18;24.45;10186.19;0;12;36.13;33.43;1.64;1.55;32.31;37.83;35.59;30.62;105.67;103.44;137.58;122.27;6.89;6.52;120.71;137.64;136.79;113.20;401.97;379.64;1089963187
1686193333.000;1;5365015552;2;0;1;40;100;0.00;0.00;0;4.2000;2.5000;1.0000;-1.0000;0.1500;-0.1500;2.691266;79.417753;-2.657613;0.000000;-2.657613;-9.745002;0.000000;-9.745002;100.076008;95.971751;4.1807;2.6700;99.2940;0.5445;24.45;25.64;9735.11;0;12;36.13;36.09;1.64;1.55;32.31;37.83;35.59;30.62;105.67;106.09;137.58;132.02;6.89;6.52;120.71;137.65;136.79;113.20;401.97;389.39;1090920209
1686194477.000;1;5365310976;0;1;1;40;100;0.00;0.00;0;3.4109;2.5000;1.0000;-1.0000;0.1500;-0.1500;nan;nan;0.213931;0.213931;0.000000;0.702361;0.702361;0.000000;nan;nan;2.6700;3.3948;0.5445;8.5046;25.64;25.22;1143.40;0;12;36.13;36.09;1.64;1.55;32.52;37.83;35.59;30.62;105.88;106.09;137.58;132.02;6.89;6.52;121.41;137.65;136.79;113.20;402.67;389.39;1091029254
1686199517.000;1;5366612480;0;1;1;40;100;0.00;0.00;0;3.6091;2.5000;1.0000;-1.0000;0.1500;-0.1500;nan;nan;0.480148;0.480148;0.000000;1.704925;1.704925;0.000000;nan;nan;3.3887;3.6090;12.7259;30.5916;24.82;25.07;2255.40;0;12;36.13;36.09;1.64;1.55;33.04;37.87;35.59;30.62;106.40;106.13;137.58;132.02;6.89;6.52;123.25;137.77;136.79;113.20;404.51;389.51;1091510082
1686204894.000;1;5368000000;0;1;1;40;100;0.00;0.00;0;3.7453;2.5000;1.0000;-1.0000;0.1500;-0.1500;nan;nan;0.517501;0.517501;0.000000;1.918260;1.918260;0.000000;nan;nan;3.5962;3.7450;31.0199;50.2755;24.85;25.15;2544.90;0;12;36.13;36.09;1.64;1.55;33.59;37.91;35.59;30.62;106.95;106.17;137.58;132.02;6.89;6.52;125.30;137.90;136.79;113.20;406.56;389.64;1092022764
1686210158.000;1;5369355776;0;1;1;40;100;0.00;0.00;0;3.9393;2.5000;1.0000;-1.0000;0.1500;-0.1500;nan;nan;0.537704;0.537704;0.000000;2.089273;2.089273;0.000000;nan;nan;3.7309;3.9354;49.4498;69.4572;24.97;25.01;2704.91;0;12;36.13;36.09;1.64;1.55;34.17;37.94;35.59;30.62;107.53;106.21;137.58;132.02;6.89;6.52;127.53;138.03;136.79;113.20;408.79;389.78;1092524797
1686215299.000;1;5370676224;0;1;1;40;100;0.00;0.00;0;4.0923;2.5000;1.0000;-1.0000;0.1500;-0.1500;nan;nan;0.504470;0.504470;0.000000;2.045660;2.045660;0.000000;nan;nan;3.9287;4.0876;69.4069;88.1776;25.15;24.97;3238.89;0;12;36.13;36.09;1.64;1.55;34.71;37.98;35.59;30.62;108.07;106.24;137.58;132.02;6.89;6.52;129.73;138.18;136.79;113.20;410.99;389.92;1093015035
1686228369.000;1;5374026752;0;1;1;40;100;0.00;0.00;0;4.0923;2.5000;1.0000;-1.0000;0.1500;-0.1500;nan;nan;0.042781;0.042781;0.000000;0.175072;0.175072;0.000000;nan;nan;4.0797;4.0883;86.8282;88.4201;39.63;39.72;733.10;0;12;36.13;36.09;1.64;1.55;34.75;38.02;35.63;30.62;108.15;106.28;137.58;132.02;6.89;6.52;129.88;138.33;136.96;113.20;411.32;390.07;1094261712
1686238487.000;1;5376600064;0;0;1;40;100;0.00;0.00;0;4.2000;3.9279;1.0000;-1.0000;0.1500;-0.1500;nan;nan;-0.510322;0.000000;-0.510322;-2.032404;0.000000;-2.032404;nan;nan;4.0842;3.9280;88.4725;69.5104;39.44;39.79;2446.51;0;12;36.13;36.09;1.64;1.55;34.75;38.02;35.68;31.17;108.20;106.83;137.58;132.02;6.89;6.52;129.88;138.33;137.18;115.38;411.53;392.25;786821
1686243733.000;1;5377954304;0;0;1;40;100;0.00;0.00;0;4.2000;3.7271;1.0000;-1.0000;0.1500;-0.1500;nan;nan;-0.554169;0.000000;-0.554169;-2.104196;0.000000;-2.104196;nan;nan;3.9360;3.7272;70.2947;49.7033;39.53;39.62;2484.20;0;12;36.13;36.09;1.64;1.55;34.75;38.02;35.72;31.76;108.24;107.42;137.58;132.02;6.89;6.52;129.88;138.33;137.33;117.63;411.68;394.50;1287213
1686248762.000;1;5379252736;0;0;1;40;100;0.00;0.00;0;4.2000;3.5676;1.0000;-1.0000;0.1500;-0.1500;nan;nan;-0.508508;0.000000;-0.508508;-1.839300;0.000000;-1.839300;nan;nan;3.7357;3.5740;49.9574;31.0627;39.93;39.59;2314.30;0;12;36.13;36.09;1.64;1.55;34.75;38.02;35.76;32.31;108.28;107.97;137.58;132.02;6.89;6.52;129.88;138.33;137.47;119.61;411.83;396.48;1766745
1686253482.000;1;5380472832;0;0;1;40;100;0.00;0.00;0;4.2000;3.2491;1.0000;-1.0000;0.1500;-0.1500;nan;nan;-0.532892;0.000000;-0.532892;-1.821564;0.000000;-1.821564;nan;nan;3.5766;3.2492;28.7112;8.9104;39.64;40.33;2094.20;0;12;36.13;36.09;1.64;1.55;34.75;38.02;35.80;32.88;108.32;108.54;137.58;132.02;6.89;6.52;129.88;138.33;137.61;121.56;411.96;398.43;2217063
1686265635.000;1;5383604224;0;1;1;40;100;0.00;0.00;0;4.2050;2.5000;1.0000;-1.0000;0.1500;-0.1500;nan;nan;2.487678;2.487678;0.000000;9.607822;9.607822;0.000000;nan;nan;3.2914;4.2010;8.5939;101.1574;39.67;40.90;9580.80;0;12;36.13;36.09;1.64;1.55;34.76;38.03;38.31;32.91;110.84;108.57;137.58;132.02;6.89;6.52;129.92;138.36;147.30;121.65;421.70;398.55;3376033
1687970808.000;1;5821860352;0;0;1;40;100;0.00;0.00;0;4.2000;2.6000;1.0000;-1.0000;0.1500;-0.1500;nan;nan;-2.669424;0.000000;-2.669424;-9.801722;0.000000;-9.801722;nan;nan;4.1950;2.6011;99.8108;0.6225;24.99;25.34;9769.10;0;13;36.13;36.09;1.83;1.72;34.76;40.70;38.31;32.91;111.04;111.41;137.58;132.02;7.70;7.23;129.92;148.16;147.30;121.65;422.50;409.07;165999195
1687971268.000;1;5821978624;0;0;1;40;100;0.00;0.00;0;4.2000;2.5000;1.0000;-1.0000;0.1500;-0.1500;nan;nan;-0.016549;0.000000;-0.016549;-0.042150;0.000000;-0.042150;nan;nan;2.7517;2.5169;0.8059;0.1910;24.83;24.83;161.61;0;13;36.13;36.09;1.83;1.72;34.76;40.72;38.31;32.91;111.04;111.43;137.58;132.02;7.70;7.23;129.92;148.21;147.30;121.65;422.50;409.11;166043206
1687981999.000;1;5824729600;2;1;1;40;100;0.00;0.00;0;4.2000;2.5000;1.0000;-1.0000;0.1500;-0.1500;2.662986;77.532417;2.630002;2.630002;0.000000;10.063600;10.063600;0.000000;nan;nan;2.6576;4.1799;0.5048;99.2662;24.65;24.30;10130.40;0;13;38.76;36.09;1.83;1.72;34.76;40.72;38.31;32.91;113.67;111.43;147.64;132.02;7.70;7.23;129.92;148.21;147.30;121.65;432.56;409.11;167066540
1687991962.000;1;5827299328;2;0;1;40;100;0.00;0.00;0;4.2000;2.5000;1.0000;-1.0000;0.1500;-0.1500;2.669856;77.990389;-2.635379;0.000000;-2.635379;-9.662239;0.000000;-9.662239;100.204444;96.011758;4.1799;2.6741;99.2662;0.5576;24.30;25.54;9664.60;0;13;38.76;38.72;1.83;1.72;34.76;40.72;38.31;32.91;113.67;114.07;147.64;141.68;7.70;7.23;129.92;148.21;147.30;121.65;432.56;418.77;168016831
1687993092.000;1;5827591168;0;1;1;40;100;0.00;0.00;0;3.4109;2.5000;1.0000;-1.0000;0.1500;-0.1500;nan;nan;0.208977;0.208977;0.000000;0.686162;0.686162;0.000000;nan;nan;2.6741;3.3939;0.5576;8.4050;25.54;24.94;1129.19;0;13;38.76;38.72;1.83;1.72;34.97;40.72;38.31;32.91;113.87;114.07;147.64;141.68;7.70;7.23;130.61;148.21;147.30;121.65;433.25;418.77;168124520
1687998665.000;1;5829029888;0;1;1;40;100;0.00;0.00;0;3.6091;2.5000;1.0000;-1.0000;0.1500;-0.1500;nan;nan;0.474369;0.474369;0.000000;1.684722;1.684722;0.000000;nan;nan;3.3893;3.6090;12.7615;30.5750;25.15;24.95;2238.21;0;13;38.76;38.72;1.83;1.72;35.48;40.75;38.31;32.91;114.39;114.10;147.64;141.68;7.70;7.23;132.42;148.33;147.30;121.65;435.06;418.89;168655911
1688003951.000;1;5830394368;0;1;1;40;100;0.00;0.00;0;3.7453;2.5000;1.0000;-1.0000;0.1500;-0.1500;nan;nan;0.511665;0.511665;0.000000;1.896942;1.896942;0.000000;nan;nan;3.5961;3.7448;31.0134;50.2274;25.00;25.43;2520.30;0;13;38.76;38.72;1.83;1.72;36.03;40.79;38.31;32.91;114.94;114.14;147.64;141.68;7.70;7.23;134.45;148.46;147.30;121.65;437.10;419.02;169160031
1688009176.000;1;5831740928;0;1;1;40;100;0.00;0.00;0;3.9393;2.5000;1.0000;-1.0000;0.1500;-0.1500;nan;nan;0.535346;0.535346;0.000000;2.080415;2.080415;0.000000;nan;nan;3.7304;3.9356;49.4026;69.5058;24.69;25.18;2705.89;0;13;38.76;38.72;1.83;1.72;36.60;40.83;38.31;32.91;115.51;114.18;147.64;141.68;7.70;7.23;136.67;148.59;147.30;121.65;439.32;419.16;169658298
1688014210.000;1;5833034752;0;1;1;40;100;0.00;0.00;0;4.0923;2.5000;1.0000;-1.0000;0.1500;-0.1500;nan;nan;0.502017;0.502017;0.000000;2.035897;2.035897;0.000000;nan;nan;3.9284;4.0877;69.3692;88.2209;25.26;25.18;3225.00;0;13;38.76;38.72;1.83;1.72;37.14;40.87;38.31;32.91;116.05;114.21;147.64;141.68;7.70;7.23;138.86;148.74;147.30;121.65;441.50;419.30;170138544
1688026665.000;1;5836227584;0;1;1;40;100;0.00;0.00;0;4.0923;2.5000;1.0000;-1.0000;0.1500;-0.1500;nan;nan;0.045284;0.045284;0.000000;0.185315;0.185315;0.000000;nan;nan;4.0793;4.0883;86.7133;88.4138;39.80;39.64;780.91;0;13;38.76;38.72;1.83;1.72;37.18;40.90;38.36;32.91;116.13;114.25;147.64;141.68;7.70;7.23;139.01;148.89;147.49;121.65;441.84;419.45;171326394
1688033521.000;1;5837996032;0;0;1;40;100;0.00;0.00;0;4.2000;3.9279;1.0000;-1.0000;0.1500;-0.1500;nan;nan;-0.493923;0.000000;-0.493923;-1.966070;0.000000;-1.966070;nan;nan;4.0831;3.9280;88.1028;69.6029;39.77;39.73;2389.30;0;13;38.76;38.72;1.83;1.72;37.18;40.90;38.39;33.44;116.17;114.78;147.64;141.68;7.70;7.23;139.01;148.89;147.64;123.76;441.99;421.57;171980109
1688039363.000;1;5839503872;0;0;1;40;100;0.00;0.00;0;4.2000;3.7271;1.0000;-1.0000;0.1500;-0.1500;nan;nan;-0.552935;0.000000;-0.552935;-2.099397;0.000000;-2.099397;nan;nan;3.9363;3.7272;70.3331;49.6228;39.63;39.66;2493.90;0;13;38.76;38.72;1.83;1.72;37.18;40.90;38.43;34.03;116.21;115.37;147.64;141.68;7.70;7.23;139.01;148.89;147.79;126.01;442.14;423.81;172537355
1688043538.000;1;5840582144;0;0;1;40;100;0.00;0.00;0;4.2000;3.5676;1.0000;-1.0000;0.1500;-0.1500;nan;nan;-0.505139;0.000000;-0.505139;-1.826887;0.000000;-1.826887;nan;nan;3.7355;3.5739;49.9455;31.0254;39.77;39.94;2309.90;0;13;38.76;38.72;1.83;1.72;37.18;40.90;38.47;34.57;116.24;115.92;147.64;141.68;7.70;7.23;139.01;148.89;147.93;127.97;442.29;425.77;172935453
1688048339.000;1;5841821696;0;0;1;40;100;0.00;0.00;0;4.2000;3.2491;1.0000;-1.0000;0.1500;-0.1500;nan;nan;-0.529015;0.000000;-0.529015;-1.808262;0.000000;-1.808262;nan;nan;3.5771;3.2492;28.7599;8.9455;39.86;40.21;2079.89;0;13;38.76;38.72;1.83;1.72;37.18;40.90;38.51;35.14;116.28;116.48;147.64;141.68;7.70;7.23;139.01;148.89;148.07;129.91;442.42;427.71;173393399
1688060659.000;1;5844997632;0;1;1;40;100;0.00;0.00;0;4.2050;2.5000;1.0000;-1.0000;0.1500;-0.1500;nan;nan;2.475381;2.475381;0.000000;9.564673;9.564673;0.000000;nan;nan;3.2948;4.2009;8.7209;101.6760;39.80;40.68;9583.10;0;13;38.76;38.72;1.83;1.72;37.19;40.91;41.01;35.16;118.80;116.52;147.64;141.68;7.70;7.23;139.05;148.92;157.73;130.00;452.11;427.83;174568444
1689785897.000;1;6288352256;0;0;1;40;100;0.00;0.00;0;4.2000;2.6000;1.0000;-1.0000;0.1500;-0.1500;nan;nan;-2.648487;0.000000;-2.648487;-9.722030;0.000000;-9.722030;nan;nan;4.1931;2.6001;99.7424;0.5428;24.93;24.64;9703.90;0;14;38.76;38.72;2.03;1.90;37.19;43.56;41.01;35.16;118.99;119.35;147.64;141.68;8.52;7.99;139.05;158.64;157.73;130.00;452.94;438.32;339105184
1689786367.000;1;6288473088;0;0;1;40;100;0.00;0.00;0;4.2000;2.5000;1.0000;-1.0000;0.1500;-0.1500;nan;nan;-0.017238;0.000000;-0.017238;-0.043927;0.000000;-0.043927;nan;nan;2.7599;2.5166;0.8321;0.1864;24.36;24.47;170.60;0;14;38.76;38.72;2.03;1.90;37.19;43.58;41.01;35.16;118.99;119.37;147.64;141.68;8.52;7.99;139.05;158.69;157.73;130.00;452.94;438.36;339150072
1689797054.000;1;6291212288;2;1;1;40;100;0.00;0.00;0;4.2000;2.5000;1.0000;-1.0000;0.1500;-0.1500;2.641385;76.092321;2.607131;2.607131;0.000000;9.984563;9.984563;0.000000;nan;nan;2.6672;4.1792;0.5357;99.2389;24.36;24.62;10087.40;0;14;41.37;38.72;2.03;1.90;37.19;43.58;41.01;35.16;121.60;119.37;157.63;141.68;8.52;7.99;139.05;158.69;157.73;130.00;462.93;438.36;340169296
1689806941.000;1;6293757952;2;0;1;40;100;0.00;0.00;0;4.2000;2.5000;1.0000;-1.0000;0.1500;-0.1500;2.647837;76.522464;-2.612251;0.000000;-2.612251;-9.574445;0.000000;-9.574445;100.196373;95.892477;4.1792;2.6820;99.2389;0.5829;24.62;25.51;9587.50;0;14;41.37;41.34;2.03;1.90;37.19;43.58;41.01;35.16;121.60;121.98;157.63;151.26;8.52;7.99;139.05;158.69;157.73;130.00;462.93;447.93;341112246
1689808047.000;1;6294042624;0;1;1;40;100;0.00;0.00;0;3.4109;2.5000;1.0000;-1.0000;0.1500;-0.1500;nan;nan;0.203850;0.203850;-0.000000;0.669495;0.669495;-0.000000;nan;nan;2.6820;3.3929;0.5829;8.3004;25.51;25.08;1104.40;0;14;41.37;41.34;2.03;1.90;37.40;43.58;41.01;35.16;121.80;121.98;157.63;151.26;8.52;7.99;139.72;158.69;157.73;130.00;463.59;447.93;341217563
1689812107.000;1;6295090176;0;1;1;40;100;0.00;0.00;0;3.6091;2.5000;1.0000;-1.0000;0.1500;-0.1500;nan;nan;0.469345;0.469345;0.000000;1.667293;1.667293;0.000000;nan;nan;3.3901;3.6090;12.7947;30.5636;25.06;25.00;2229.20;0;14;41.37;41.34;2.03;1.90;37.90;43.62;41.01;35.16;122.31;122.01;157.63;151.26;8.52;7.99;141.52;158.81;157.73;130.00;465.39;448.06;341604992
1689816676.000;1;6296267776;0;1;1;40;100;0.00;0.00;0;3.7453;2.5000;1.0000;-1.0000;0.1500;-0.1500;nan;nan;0.505287;0.505287;0.000000;1.873691;1.873691;0.000000;nan;nan;3.5963;3.7444;31.0349;50.1645;24.99;25.18;2505.80;0;14;41.37;41.34;2.03;1.90;38.45;43.65;41.01;35.16;122.85;122.05;157.63;151.26;8.52;7.99;143.53;158.94;157.73;130.00;467.40;448.19;342040690
1689821355.000;1;6297472000;0;1;1;40;100;0.00;0.00;0;3.9393;2.5000;1.0000;-1.0000;0.1500;-0.1500;nan;nan;0.532163;0.532163;0.000000;2.068301;2.068301;0.000000;nan;nan;3.7305;3.9358;49.4169;69.5640;24.92;25.22;2711.21;0;14;41.37;41.34;2.03;1.90;39.02;43.69;41.01;35.16;123.42;122.09;157.63;151.26;8.52;7.99;145.74;159.08;157.73;130.00;469.61;448.32;342486941
1689826409.000;1;6298769408;0;1;1;40;100;0.00;0.00;0;4.0923;2.5000;1.0000;-1.0000;0.1500;-0.1500;nan;nan;0.499689;0.499689;0.000000;2.026834;2.026834;0.000000;nan;nan;3.9280;4.0877;69.3244;88.2421;25.02;25.07;3242.41;0;14;41.37;41.34;2.03;1.90;39.55;43.73;41.01;35.16;123.96;122.13;157.63;151.26;8.52;7.99;147.91;159.22;157.73;130.00;471.79;448.47;342968846
1689842089.000;1;6302144512;0;1;1;40;100;0.00;0.00;0;4.0923;2.5000;1.0000;-1.0000;0.1500;-0.1500;nan;nan;0.045805;0.045805;0.000000;0.187447;0.187447;0.000000;nan;nan;4.0788;4.0881;86.6001;88.3342;39.45;39.41;787.00;0;14;41.37;41.34;2.03;1.90;39.59;43.76;41.06;35.16;124.04;122.16;157.63;151.26;8.52;7.99;148.06;159.37;157.91;130.00;472.13;448.61;344464351
1689848851.000;1;6303886848;0;0;1;40;100;0.00;0.00;0;4.2000;3.9279;1.0000;-1.0000;0.1500;-0.1500;nan;nan;-0.488830;0.000000;-0.488830;-1.945271;0.000000;-1.945271;nan;nan;4.0828;3.9280;88.0189;69.5574;39.82;39.81;2384.00;0;14;41.37;41.34;2.03;1.90;39.59;43.76;41.09;35.69;124.08;122.69;157.63;151.26;8.52;7.99;148.06;159.37;158.07;132.09;472.28;450.71;345109142
1689853208.000;1;6305009664;0;0;1;40;100;0.00;0.00;0;4.2000;3.7271;1.0000;-1.0000;0.1500;-0.1500;nan;nan;-0.551310;0.000000;-0.551310;-2.092952;0.000000;-2.092952;nan;nan;3.9364;3.7272;70.3408;49.5196;39.89;39.79;2507.10;0;14;41.37;41.34;2.03;1.90;39.59;43.76;41.13;36.28;124.12;123.28;157.63;151.26;8.52;7.99;148.06;159.37;158.22;134.33;472.43;452.94;345524612
1689857329.000;1;6306072576;0;0;1;40;100;0.00;0.00;0;4.2000;3.5676;1.0000;-1.0000;0.1500;-0.1500;nan;nan;-0.501985;0.000000;-0.501985;-1.815196;0.000000;-1.815196;nan;nan;3.7358;3.5739;49.9748;31.0164;39.62;39.63;2306.50;0;14;41.37;41.34;2.03;1.90;39.59;43.76;41.17;36.82;124.16;123.82;157.63;151.26;8.52;7.99;148.06;159.37;158.36;136.28;472.58;454.90;345917762
1689861456.000;1;6307138560;0;0;1;40;100;0.00;0.00;0;4.2000;3.2491;1.0000;-1.0000;0.1500;-0.1500;nan;nan;-0.525042;0.000000;-0.525042;-1.794555;0.000000;-1.794555;nan;nan;3.5772;3.2492;28.7683;8.9392;39.73;40.42;2068.40;0;14;41.37;41.34;2.03;1.90;39.59;43.76;41.21;37.38;124.19;124.38;157.63;151.26;8.52;7.99;148.06;159.37;158.50;138.21;472.71;456.82;346311284
1689872271.000;1;6309919744;0;1;1;40;100;0.00;0.00;0;4.2050;2.5000;1.0000;-1.0000;0.1500;-0.1500;nan;nan;2.434525;2.434525;0.000000;9.400874;9.400874;0.000000;nan;nan;3.2875;4.2010;8.4336;100.6021;39.63;39.96;9230.90;0;14;41.37;41.34;2.03;1.90;39.60;43.78;43.67;37.40;126.67;124.42;157.63;151.26;8.52;7.99;148.10;159.40;167.99;138.29;482.24;456.94;347342722
1691597890.000;1;6753131520;0;0;1;40;100;0.00;0.00;0;4.2000;2.6000;1.0000;-1.0000;0.1500;-0.1500;nan;nan;-2.629688;0.000000;-2.629688;-9.653042;0.000000;-9.653042;nan;nan;4.1947;2.6001;99.8015;0.4869;24.97;25.84;9646.50;0;15;41.37;41.34;2.21;2.07;39.60;46.41;43.67;37.40;126.85;127.22;157.63;151.26;9.28;8.72;148.10;169.06;167.99;138.29;483.00;467.32;10262550
1691598368.000;1;6753254400;0;0;1;40;100;0.00;0.00;0;4.2000;2.5000;1.0000;-1.0000;0.1500;-0.1500;nan;nan;-0.017849;0.000000;-0.017849;-0.045533;0.000000;-0.045533;nan;nan;2.7679;2.5163;0.8575;0.1834;25.47;25.53;177.50;0;15;41.37;41.34;2.21;2.07;39.60;46.42;43.67;37.40;126.85;127.24;157.63;151.26;9.28;8.72;148.10;169.10;167.99;138.29;483.00;467.37;10308086
1691608989.000;1;6755977728;2;1;1;40;100;0.00;0.00;0;4.2000;2.5000;1.0000;-1.0000;0.1500;-0.1500;2.617616;74.507743;2.582056;2.582056;0.000000;9.893248;9.893248;0.000000;nan;nan;2.6766;4.1783;0.5656;99.2070;25.36;24.85;10022.00;0;15;43.95;41.34;2.21;2.07;39.60;46.42;43.67;37.40;129.43;127.24;167.52;151.26;9.28;8.72;148.10;169.10;167.99;138.29;492.89;467.37;11321075
1691618802.000;1;6758503936;2;0;1;40;100;0.00;0.00;0;4.2000;2.5000;1.0000;-1.0000;0.1500;-0.1500;2.624368;74.957877;-2.587611;0.000000;-2.587611;-9.481329;0.000000;-9.481329;100.215149;95.836365;4.1783;2.6897;99.2070;0.6077;24.85;25.57;9512.90;0;15;43.95;43.92;2.21;2.07;39.60;46.42;43.67;37.40;129.43;129.83;167.52;160.74;9.28;8.72;148.10;169.10;167.99;138.29;492.89;476.85;12256912
1691619882.000;1;6758782464;0;1;1;40;100;0.00;0.00;0;3.4109;2.5000;1.0000;-1.0000;0.1500;-0.1500;nan;nan;0.198607;0.198607;0.000000;0.652426;0.652426;0.000000;nan;nan;2.6897;3.3919;0.6077;8.1950;25.57;25.20;1079.90;0;15;43.95;43.92;2.21;2.07;39.80;46.42;43.67;37.40;129.63;129.83;167.52;160.74;9.28;8.72;148.76;169.10;167.99;138.29;493.54;476.85;12359893
1691623909.000;1;6759820800;0;1;1;40;100;0.00;0.00;0;3.6091;2.5000;1.0000;-1.0000;0.1500;-0.1500;nan;nan;0.463626;0.463626;0.000000;1.647479;1.647479;0.000000;nan;nan;3.3909;3.6090;12.8468;30.5586;24.96;25.05;2222.10;0;15;43.95;43.92;2.21;2.07;40.30;46.46;43.67;37.40;130.13;129.86;167.52;160.74;9.28;8.72;150.53;169.22;167.99;138.29;495.32;476.97;12743976
1691628212.000;1;6760930304;0;1;1;40;100;0.00;0.00;0;3.7453;2.5000;1.0000;-1.0000;0.1500;-0.1500;nan;nan;0.499440;0.499440;0.000000;1.852478;1.852478;0.000000;nan;nan;3.5965;3.7442;31.0445;50.1245;24.84;25.31;2499.81;0;15;43.95;43.92;2.21;2.07;40.84;46.50;43.67;37.40;130.67;129.90;167.52;160.74;9.28;8.72;152.52;169.35;167.99;138.29;497.31;477.10;13154240
1691632836.000;1;6762120192;0;1;1;40;100;0.00;0.00;0;3.9393;2.5000;1.0000;-1.0000;0.1500;-0.1500;nan;nan;0.529414;0.529414;0.000000;2.058035;2.058035;0.000000;nan;nan;3.7304;3.9360;49.4004;69.6254;25.03;25.25;2734.90;0;15;43.95;43.92;2.21;2.07;41.41;46.54;43.67;37.40;131.23;129.94;167.52;160.74;9.28;8.72;154.72;169.49;167.99;138.29;499.51;477.24;13595319
1691637907.000;1;6763421696;0;1;1;40;100;0.00;0.00;0;4.0923;2.5000;1.0000;-1.0000;0.1500;-0.1500;nan;nan;0.496544;0.496544;0.000000;2.014403;2.014403;0.000000;nan;nan;3.9278;4.0877;69.2972;88.2665;25.03;25.13;3249.40;0;15;43.95;43.92;2.21;2.07;41.94;46.57;43.67;37.40;131.77;129.97;167.52;160.74;9.28;8.72;156.89;169.63;167.99;138.29;501.67;477.38;14078893
1691654408.000;1;6767650816;0;1;1;40;100;0.00;0.00;0;4.0923;2.5000;1.0000;-1.0000;0.1500;-0.1500;nan;nan;0.048198;0.048198;0.000000;0.197238;0.197238;0.000000;nan;nan;4.0783;4.0881;86.4452;88.2865;39.56;39.79;825.10;0;15;43.95;43.92;2.21;2.07;41.98;46.61;43.72;37.40;131.85;130.01;167.52;160.74;9.28;8.72;157.04;169.78;168.18;138.29;502.02;477.53;15652761
1691661049.000;1;6769361408;0;0;1;40;100;0.00;0.00;0;4.2000;3.9279;1.0000;-1.0000;0.1500;-0.1500;nan;nan;-0.484397;0.000000;-0.484397;-1.927330;0.000000;-1.927330;nan;nan;4.0827;3.9280;87.9758;69.5182;39.84;39.71;2373.61;0;15;43.95;43.92;2.21;2.07;41.98;46.61;43.75;37.93;131.89;130.53;167.52;160.74;9.28;8.72;157.04;169.78;168.34;140.37;502.18;479.61;16286006
1691665327.000;1;6770464768;0;0;1;40;100;0.00;0.00;0;4.2000;3.7271;1.0000;-1.0000;0.1500;-0.1500;nan;nan;-0.546387;0.000000;-0.546387;-2.074170;0.000000;-2.074170;nan;nan;3.9365;3.7272;70.3547;49.5349;39.76;38.45;2467.91;0;15;43.95;43.92;2.21;2.07;41.98;46.61;43.79;38.51;131.93;131.12;167.52;160.74;9.28;8.72;157.04;169.78;168.49;142.59;502.33;481.83;16694020
1691669562.000;1;6771556864;0;0;1;40;100;0.00;0.00;0;4.2000;3.5676;1.0000;-1.0000;0.1500;-0.1500;nan;nan;-0.501147;0.000000;-0.501147;-1.812242;0.000000;-1.812242;nan;nan;3.7371;3.5738;50.1086;31.0127;40.17;39.66;2315.40;0;15;43.95;43.92;2.21;2.07;41.98;46.61;43.83;39.05;131.97;131.66;167.52;160.74;9.28;8.72;157.04;169.78;168.63;144.54;502.47;483.78;17097905
1691673449.000;1;6772561408;0;0;1;40;100;0.00;0.00;0;4.2000;3.2491;1.0000;-1.0000;0.1500;-0.1500;nan;nan;-0.521072;0.000000;-0.521072;-1.780793;0.000000;-1.780793;nan;nan;3.5775;3.2492;28.7977;8.9425;39.89;40.22;2058.50;0;15;43.95;43.92;2.21;2.07;41.98;46.61;43.87;39.61;132.00;132.21;167.52;160.74;9.28;8.72;157.04;169.78;168.76;146.45;502.60;485.69;17468630
1691684272.000;1;6775343104;0;1;1;40;100;0.00;0.00;0;4.2050;2.5000;1.0000;-1.0000;0.1500;-0.1500;nan;nan;2.418698;2.418698;0.000000;9.343640;9.343640;0.000000;nan;nan;3.2885;4.2009;8.4694;100.8702;39.86;40.02;9203.70;0;15;43.95;43.92;2.21;2.07;41.99;46.62;46.31;39.63;134.46;132.25;167.52;160.74;9.28;8.72;157.08;169.82;178.20;146.53;512.07;485.81;18500860
1693491340.000;1;7239413248;0;0;1;40;100;0.00;0.00;0;4.2000;2.6000;1.0000;-1.0000;0.1500;-0.1500;nan;nan;-2.601696;0.000000;-2.601696;-9.545368;0.000000;-9.545368;nan;nan;4.1875;2.6001;99.5418;0.4057;24.96;25.52;9556.40;0;16;43.95;43.92;2.40;2.26;41.99;49.22;46.31;39.63;134.65;135.04;167.52;160.74;10.08;9.51;157.08;179.36;178.20;146.53;512.87;496.15;151321893
1693491826.000;1;7239538176;0;0;1;40;100;0.00;0.00;0;4.2000;2.5000;1.0000;-1.0000;0.1500;-0.1500;nan;nan;-0.018429;0.000000;-0.018429;-0.047044;0.000000;-0.047044;nan;nan;2.7765;2.5163;0.8852;0.1829;25.14;25.17;185.20;0;16;43.95;43.92;2.40;2.26;41.99;49.24;46.31;39.63;134.65;135.06;167.52;160.74;10.08;9.51;157.08;179.41;178.20;146.53;512.87;496.19;151368163
1693502387.000;1;7242246144;2;1;1;40;100;0.00;0.00;0;4.2000;2.5000;1.0000;-1.0000;0.1500;-0.1500;2.590248;72.683209;2.553314;2.553314;0.000000;9.790249;9.790249;0.000000;nan;nan;2.6856;4.1772;0.5945;99.1686;24.97;24.97;9962.39;0;16;46.51;43.92;2.40;2.26;41.99;49.24;46.31;39.63;137.20;135.06;177.31;160.74;10.08;9.51;157.08;179.41;178.20;146.53;522.66;496.19;152375470
1693512122.000;1;7244752384;2;0;1;40;100;0.00;0.00;0;4.2000;2.5000;1.0000;-1.0000;0.1500;-0.1500;2.600502;73.366785;-2.562483;0.000000;-2.562483;-9.385657;0.000000;-9.385657;100.359106;95.867401;4.1772;2.6969;99.1686;0.6306;24.97;25.55;9435.50;0;16;46.51;46.49;2.40;2.26;41.99;49.24;46.31;39.63;137.20;137.62;177.31;170.12;10.08;9.51;157.08;179.41;178.20;146.53;522.66;505.58;153303918
1693513184.000;1;7245026304;0;1;1;40;100;0.00;0.00;0;3.4109;2.5000;1.0000;-1.0000;0.1500;-0.1500;nan;nan;0.193611;0.193611;0.000000;0.636181;0.636181;0.000000;nan;nan;2.6969;3.3910;0.6306;8.1052;25.55;25.20;1060.80;0;16;46.51;46.49;2.40;2.26;42.18;49.24;46.31;39.63;137.40;137.62;177.31;170.12;10.08;9.51;157.71;179.41;178.20;146.53;523.30;505.58;153405087
1693517191.000;1;7246059520;0;1;1;40;100;0.00;0.00;0;3.6091;2.5000;1.0000;-1.0000;0.1500;-0.1500;nan;nan;0.457219;0.457219;0.000000;1.625183;1.625183;0.000000;nan;nan;3.3915;3.6090;12.8860;30.5376;25.06;25.03;2206.50;0;16;46.51;46.49;2.40;2.26;42.68;49.28;46.31;39.63;137.89;137.66;177.31;170.12;10.08;9.51;159.47;179.53;178.20;146.53;525.05;505.70;153787282
1693521478.000;1;7247164416;0;1;1;40;100;0.00;0.00;0;3.7453;2.5000;1.0000;-1.0000;0.1500;-0.1500;nan;nan;0.493488;0.493488;0.000000;1.830747;1.830747;0.000000;nan;nan;3.5962;3.7438;31.0040;50.0558;25.07;25.20;2487.69;0;16;46.51;46.49;2.40;2.26;43.21;49.32;46.31;39.63;138.42;137.70;177.31;170.12;10.08;9.51;161.43;179.66;178.20;146.53;527.02;505.83;154196059
1693526065.000;1;7248344576;0;1;1;40;100;0.00;0.00;0;3.9393;2.5000;1.0000;-1.0000;0.1500;-0.1500;nan;nan;0.525536;0.525536;0.000000;2.043244;2.043244;0.000000;nan;nan;3.7300;3.9361;49.3589;69.6479;25.09;25.13;2721.81;0;16;46.51;46.49;2.40;2.26;43.77;49.35;46.31;39.63;138.99;137.73;177.31;170.12;10.08;9.51;163.62;179.80;178.20;146.53;529.20;505.96;154633562
1693531177.000;1;7249657344;0;1;1;40;100;0.00;0.00;0;4.0923;2.5000;1.0000;-1.0000;0.1500;-0.1500;nan;nan;0.493696;0.493696;0.000000;2.002982;2.002982;0.000000;nan;nan;3.9271;4.0877;69.2124;88.2722;25.18;25.01;3245.50;0;16;46.51;46.49;2.40;2.26;44.30;49.39;46.31;39.63;139.52;137.77;177.31;170.12;10.08;9.51;165.77;179.94;178.20;146.53;531.36;506.11;155121103
1693547846.000;1;7253929472;0;1;1;40;100;0.00;0.00;0;4.0923;2.5000;1.0000;-1.0000;0.1500;-0.1500;nan;nan;0.049732;0.049732;0.000000;0.203519;0.203519;0.000000;nan;nan;4.0777;4.0878;86.2586;88.1786;39.38;39.59;842.40;0;16;46.51;46.49;2.40;2.26;44.34;49.43;46.36;39.63;139.61;137.81;177.31;170.12;10.08;9.51;165.92;180.09;178.40;146.53;531.71;506.26;156710903
1693554425.000;1;7255624192;0;0;1;40;100;0.00;0.00;0;4.2000;3.9279;1.0000;-1.0000;0.1500;-0.1500;nan;nan;-0.478082;0.000000;-0.478082;-1.901703;0.000000;-1.901703;nan;nan;4.0824;3.9280;87.8870;69.5027;39.57;39.67;2356.10;0;16;46.51;46.49;2.40;2.26;44.34;49.43;46.40;40.15;139.64;138.32;177.31;170.12;10.08;9.51;165.92;180.09;178.55;148.58;531.87;508.31;157338255
1693558737.000;1;7256736256;0;0;1;40;100;0.00;0.00;0;4.2000;3.7271;1.0000;-1.0000;0.1500;-0.1500;nan;nan;-0.545655;0.000000;-0.545655;-2.071000;0.000000;-2.071000;nan;nan;3.9367;3.7272;70.3832;49.4005;39.42;39.55;2499.30;0;16;46.51;46.49;2.40;2.26;44.34;49.43;46.44;40.73;139.68;138.91;177.31;170.12;10.08;9.51;165.92;180.09;178.70;150.80;532.02;510.52;157749615
1693562916.000;1;7257814016;0;0;1;40;100;0.00;0.00;0;4.2000;3.5676;1.0000;-1.0000;0.1500;-0.1500;nan;nan;-0.496322;0.000000;-0.496322;-1.794282;0.000000;-1.794282;nan;nan;3.7367;3.5737;50.0662;30.9806;39.41;39.84;2309.10;0;16;46.51;46.49;2.40;2.26;44.34;49.43;46.48;41.27;139.72;139.44;177.31;170.12;10.08;9.51;165.92;180.09;178.85;152.73;532.16;512.45;158148171
1693566897.000;1;7258842624;0;0;1;40;100;0.00;0.00;0;4.2000;3.2491;1.0000;-1.0000;0.1500;-0.1500;nan;nan;-0.516954;0.000000;-0.516954;-1.766479;0.000000;-1.766479;nan;nan;3.5779;3.2492;28.8453;8.9663;39.51;40.36;2046.50;0;16;46.51;46.49;2.40;2.26;44.34;49.43;46.51;41.82;139.76;139.99;177.31;170.12;10.08;9.51;165.92;180.09;178.98;154.63;532.30;514.35;158527849
1693577594.000;1;7261592576;0;1;1;40;100;0.00;0.00;0;4.2050;2.5000;1.0000;-1.0000;0.1500;-0.1500;nan;nan;2.397242;2.397242;0.000000;9.263971;9.263971;0.000000;nan;nan;3.2900;4.2009;8.5232;101.0719;39.45;39.78;9137.70;0;16;46.51;46.49;2.40;2.26;44.35;49.44;48.94;41.85;142.19;140.03;177.31;170.12;10.08;9.51;165.96;180.12;188.33;154.71;541.68;514.47;159547856
1695229577.000;1;7685920768;0;0;1;40;100;0.00;0.00;0;4.2000;2.6000;1.0000;-1.0000;0.1500;-0.1500;nan;nan;-2.585940;0.000000;-2.585940;-9.487061;0.000000;-9.487061;nan;nan;4.1942;2.6001;99.7810;0.3410;24.86;25.75;9518.21;0;17;46.51;46.49;2.59;2.45;44.35;52.02;48.94;41.85;142.38;142.80;177.31;170.12;10.88;10.29;165.96;189.61;188.33;154.71;542.48;524.73;317098540
1695230071.000;1;7686047744;0;0;1;40;100;0.00;0.00;0;4.2000;2.5000;1.0000;-1.0000;0.1500;-0.1500;nan;nan;-0.019179;0.000000;-0.019179;-0.049004;0.000000;-0.049004;nan;nan;2.7864;2.5161;0.9168;0.1793;25.42;25.48;194.30;0;17;46.51;46.49;2.59;2.45;44.35;52.04;48.94;41.85;142.38;142.82;177.31;170.12;10.88;10.29;165.96;189.66;188.33;154.71;542.48;524.78;317145678
1695240608.000;1;7688749568;2;1;1;40;100;0.00;0.00;0;4.2000;2.5000;1.0000;-1.0000;0.1500;-0.1500;2.566524;71.101600;2.528091;2.528091;0.000000;9.701098;9.701098;0.000000;nan;nan;2.6960;4.1762;0.6278;99.1304;25.31;24.90;9936.10;0;17;49.03;46.49;2.59;2.45;44.35;52.04;48.94;41.85;144.91;142.82;187.01;170.12;10.88;10.29;165.96;189.66;188.33;154.71;552.18;524.78;318150487
1695250275.000;1;7691238400;2;0;1;40;100;0.00;0.00;0;4.2000;2.5000;1.0000;-1.0000;0.1500;-0.1500;2.578006;71.867037;-2.538610;0.000000;-2.538610;-9.293267;0.000000;-9.293267;100.416052;95.796031;4.1762;2.7056;99.1304;0.6585;24.90;25.55;9368.09;0;17;49.03;49.02;2.59;2.45;44.35;52.04;48.94;41.85;144.91;145.36;187.01;179.42;10.88;10.29;165.96;189.66;188.33;154.71;552.18;534.08;319072509
1695251313.000;1;7691506176;0;1;1;40;100;0.00;0.00;0;3.4109;2.5000;1.0000;-1.0000;0.1500;-0.1500;nan;nan;0.188483;0.188483;0.000000;0.619541;0.619541;0.000000;nan;nan;2.7056;3.3900;0.6585;8.0024;25.55;25.15;1038.10;0;17;49.03;49.02;2.59;2.45;44.54;52.04;48.94;41.85;145.10;145.36;187.01;179.42;10.88;10.29;166.58;189.66;188.33;154.71;552.80;534.08;319171504
1695255336.000;1;7692543488;0;1;1;40;100;0.00;0.00;0;3.6091;2.5000;1.0000;-1.0000;0.1500;-0.1500;nan;nan;0.451464;0.451464;0.000000;1.605295;1.605295;0.000000;nan;nan;3.3920;3.6088;12.9127;30.5032;24.84;25.09;2195.30;0;17;49.03;49.02;2.59;2.45;45.03;52.08;48.94;41.85;145.59;145.40;187.01;179.42;10.88;10.29;168.31;189.78;188.33;154.71;554.54;534.20;319555205
1695259661.000;1;7693658624;0;1;1;40;100;0.00;0.00;0;3.7453;2.5000;1.0000;-1.0000;0.1500;-0.1500;nan;nan;0.488007;0.488007;0.000000;1.810840;1.810840;0.000000;nan;nan;3.5958;3.7434;30.9638;49.9781;24.95;25.16;2481.30;0;17;49.03;49.02;2.59;2.45;45.55;52.12;48.94;41.85;146.11;145.43;187.01;179.42;10.88;10.29;170.26;189.91;188.33;154.71;556.48;534.33;319967691
1695264244.000;1;7694837760;0;1;1;40;100;0.00;0.00;0;3.9393;2.5000;1.0000;-1.0000;0.1500;-0.1500;nan;nan;0.521785;0.521785;0.000000;2.029078;2.029078;0.000000;nan;nan;3.7298;3.9361;49.3341;69.6645;24.98;25.03;2727.40;0;17;49.03;49.02;2.59;2.45;46.11;52.15;48.94;41.85;146.67;145.47;187.01;179.42;10.88;10.29;172.43;190.05;188.33;154.71;558.66;534.46;320404585
1695269268.000;1;7696127488;0;1;1;40;100;0.00;0.00;0;4.0923;2.5000;1.0000;-1.0000;0.1500;-0.1500;nan;nan;0.489115;0.489115;0.000000;1.984666;1.984666;0.000000;nan;nan;3.9267;4.0875;69.1552;88.2126;25.04;25.09;3213.39;0;17;49.03;49.02;2.59;2.45;46.64;52.19;48.94;41.85;147.20;145.51;187.01;179.42;10.88;10.29;174.57;190.19;188.33;154.71;560.79;534.61;320883792
1695283530.000;1;7699783168;0;1;1;40;100;0.00;0.00;0;4.0923;2.5000;1.0000;-1.0000;0.1500;-0.1500;nan;nan;0.050206;0.050206;0.000000;0.205459;0.205459;0.000000;nan;nan;4.0771;4.0876;86.0989;88.0551;39.03;39.15;847.00;0;17;49.03;49.02;2.59;2.45;46.68;52.23;48.99;41.85;147.29;145.55;187.01;179.42;10.88;10.29;174.72;190.34;188.54;154.71;561.15;534.76;322244099
1695290154.000;1;7701489664;0;0;1;40;100;0.00;0.00;0;4.2000;3.9279;1.0000;-1.0000;0.1500;-0.1500;nan;nan;-0.469264;0.000000;-0.469264;-1.865955;0.000000;-1.865955;nan;nan;4.0821;3.9280;87.7792;69.5766;39.18;39.16;2336.29;0;17;49.03;49.02;2.59;2.45;46.68;52.23;49.03;42.35;147.32;146.05;187.01;179.42;10.88;10.29;174.72;190.34;188.69;156.73;561.30;536.77;322875742
1695294543.000;1;7702621696;0;0;1;40;100;0.00;0.00;0;4.2000;3.7271;1.0000;-1.0000;0.1500;-0.1500;nan;nan;-0.541193;0.000000;-0.541193;-2.053725;0.000000;-2.053725;nan;nan;3.9370;3.7272;70.4172;49.4245;39.15;39.02;2483.70;0;17;49.03;49.02;2.59;2.45;46.68;52.23;49.06;42.93;147.36;146.63;187.01;179.42;10.88;10.29;174.72;190.34;188.85;158.93;561.46;538.97;323294273
1695298684.000;1;7703689216;0;0;1;40;100;0.00;0.00;0;4.2000;3.5676;1.0000;-1.0000;0.1500;-0.1500;nan;nan;-0.495192;0.000000;-0.495192;-1.789905;0.000000;-1.789905;nan;nan;3.7376;3.5735;50.1593;30.9510;39.16;39.27;2333.20;0;17;49.03;49.02;2.59;2.45;46.68;52.23;49.10;43.46;147.40;147.16;187.01;179.42;10.88;10.29;174.72;190.34;188.99;160.86;561.60;540.90;323689215
1695302559.000;1;7704690688;0;0;1;40;100;0.00;0.00;0;4.2000;3.2491;1.0000;-1.0000;0.1500;-0.1500;nan;nan;-0.511972;0.000000;-0.511972;-1.749064;0.000000;-1.749064;nan;nan;3.5783;3.2492;28.8866;9.0274;39.28;39.70;2029.60;0;17;49.03;49.02;2.59;2.45;46.68;52.23;49.14;44.01;147.44;147.71;187.01;179.42;10.88;10.29;174.72;190.34;189.13;162.74;561.74;542.78;324058805
1695313226.000;1;7707432960;0;1;1;40;100;0.00;0.00;0;4.2050;2.5000;1.0000;-1.0000;0.1500;-0.1500;nan;nan;2.375612;2.375612;0.000000;9.185007;9.185007;0.000000;nan;nan;3.2931;4.2009;8.6372;101.1986;39.25;39.59;9078.59;0;17;49.03;49.02;2.59;2.45;46.69;52.24;51.54;44.04;149.85;147.75;187.01;179.42;10.88;10.29;174.76;190.37;198.40;162.82;571.05;542.90;325076171
1697042061.000;1;8151503360;0;0;1;40;100;0.00;0.00;0;4.2000;2.6000;1.0000;-1.0000;0.1500;-0.1500;nan;nan;-2.562971;0.000000;-2.562971;-9.398407;0.000000;-9.398407;nan;nan;4.1935;2.6001;99.7569;0.3401;25.01;26.00;9466.50;0;18;49.03;49.02;2.79;2.65;46.69;54.80;51.54;44.04;150.06;150.52;187.01;179.42;11.75;11.13;174.76;199.77;198.40;162.82;571.92;553.14;489956215
1697042571.000;1;8151634432;0;0;1;40;100;0.00;0.00;0;4.2000;2.5000;1.0000;-1.0000;0.1500;-0.1500;nan;nan;-0.020211;0.000000;-0.020211;-0.051688;0.000000;-0.051688;nan;nan;2.7974;2.5152;0.9518;0.1678;25.70;25.80;209.00;0;18;49.03;49.02;2.79;2.65;46.69;54.82;51.54;44.04;150.06;150.54;187.01;179.42;11.75;11.13;174.76;199.82;198.40;162.82;571.92;553.20;490004764
1697053044.000;1;8154319360;2;1;1;40;100;0.00;0.00;0;4.2000;2.5000;1.0000;-1.0000;0.1500;-0.1500;2.542932;69.528818;2.503259;2.503259;0.000000;9.612350;9.612350;0.000000;nan;nan;2.7084;4.1755;0.6673;99.1071;25.62;25.25;9873.80;0;18;51.54;49.02;2.79;2.65;46.69;54.82;51.54;44.04;152.56;150.54;196.62;179.42;11.75;11.13;174.76;199.82;198.40;162.82;581.53;553.20;491003624
1697062644.000;1;8156791296;2;0;1;40;100;0.00;0.00;0;4.2000;2.5000;1.0000;-1.0000;0.1500;-0.1500;2.555020;70.334691;-2.514673;0.000000;-2.514673;-9.201830;0.000000;-9.201830;100.455976;95.729238;4.1755;2.7143;99.1071;0.6862;25.25;25.71;9299.80;0;18;51.54;51.54;2.79;2.65;46.69;54.82;51.54;44.04;152.56;153.05;196.62;188.62;11.75;11.13;174.76;199.82;198.40;162.82;581.53;562.40;491919124
