@article{orfanoudakis2022deep,
  title={A Deep Reinforcement Learning-Based Charging Strategy for Electric Vehicles with V2G Services in a Volatile Market},
  author={Orfanoudakis, Stylianos and Diaz-Londono, Christian and Yilmaz, Yasin Emir and Palensky, Peter and Vergara, Pedro P},
  journal={arXiv preprint arXiv:2209.09772},
  year={2022},
  doi={10.48550/arXiv.2209.09772}
}

@article{wang2023deep,
  title={Deep reinforcement learning for charging scheduling of electric vehicles considering distribution network voltage stability},
  author={Wang, Sihan and Li, Jiaming and Wu, Lei and Li, Xiaopeng},
  journal={Sensors},
  volume={23},
  number={3},
  pages={1618},
  year={2023},
  publisher={MDPI},
  doi={10.3390/s23031618}
}
@article{brockman2016openai,
  title={OpenAI Gym},
  author={Brockman, Greg and Cheung, Vicki and Pettersson, Ludwig and Schneider, Jonas and Schulman, John and Tang, Jie and Zaremba, Wojciech},
  journal={arXiv preprint arXiv:1606.01540},
  year={2016},
  doi={10.48550/arXiv.1606.01540}
}

@article{white2011vehicle,
  title={Vehicle-to-grid technology for frequency regulation and peak shaving},
  author={White, C. David and Zhang, Willett Kempton},
  journal={Journal of Power Sources},
  volume={196},
  number={3},
  pages={3972--3980},
  year={2011},
  publisher={Elsevier},
  doi={10.1016/j.jpowsour.2010.11.010}
}


@article{alfaverh2022optimal,
  title={Optimal vehicle-to-grid control for supplementary frequency regulation using deep reinforcement learning},
  author={Alfaverh, Farag and Dena{\"\i}, Mouloud and Sun, Yifei},
  journal={Applied Energy},
  volume={325},
  pages={119881},
  year={2022},
  publisher={Elsevier},
  doi={10.1016/j.apenergy.2022.119881}
}

@article{kumar2024deep,
  title={A Deep Q-Learning based Smart Scheduling of EVs for Demand Response},
  author={Kumar, Vikash and Pandey, Indra Kumar and Shukla, Ayush},
  journal={arXiv preprint arXiv:2401.02653},
  year={2024},
  doi={10.48550/arXiv.2401.02653}
}

@article{ghosh2024optimal,
  title={Optimal scheduling of solar powered EV charging stations in a radial distribution network using equilibrium optimizer},
  author={Ghosh, Anirban and Nomani, Izhar and Singh, Ranjan},
  journal={Scientific Reports},
  volume={14},
  number={1},
  pages={4499},
  year={2024},
  publisher={Nature Publishing Group UK London},
  doi={10.1038/s41598-024-54985-w}
}

@article{kumar2024integration,
  title={Integration of electric vehicle into smart grid: a meta heuristic algorithm for energy management between V2G and G2V},
  author={Kumar, Vinay and Singh, Surender and Kumar, Dinesh},
  journal={Frontiers in Energy Research},
  volume={12},
  pages={1357863},
  year={2024},
  publisher={Frontiers Media SA},
  doi={10.3389/fenrg.2024.1357863}
}

@article{wang2022electrical,
  title={An electrical vehicle-assisted demand response management system: A reinforcement learning method},
  author={Wang, Zhaoyu and Wang, Li and Wang, Siyuan and Zhang, Zhaoyang},
  journal={Frontiers in Energy Research},
  volume={10},
  pages={1071948},
  year={2022},
  publisher={Frontiers},
  doi={10.3389/fenrg.2022.1071948}
}

@article{alhmoud2024review,
  title={A Review of Smart Grid Evolution and Reinforcement Learning: Applications, Challenges and Future Directions},
  author={Al-HMOUD, Ghaith and Al-Raweshidy, Hamed},
  journal={Energies},
  volume={18},
  number={7},
  pages={1837},
  year={2024},
  publisher={MDPI},
  doi={10.3390/en18071837}
}

@article{liu2023optimal,
  title={Optimal scheduling for charging and discharging of electric vehicles based on deep reinforcement learning},
  author={Liu, Zhaomiao and Wang, Jian and Zeng, Bo and Sun, Wei},
  journal={Frontiers in Energy Research},
  volume={11},
  pages={1273820},
  year={2023},
  publisher={Frontiers Media SA},
  doi={10.3389/fenrg.2023.1273820}
}

@article{alsabbagh2022reinforcement,
  title={Reinforcement learning for vehicle-to-grid: a review},
  author={Alsabbagh, Mohamad and Siu, Wan-Chi},
  journal={Journal of Energy Storage},
  volume={53},
  pages={105149},
  year={2022},
  publisher={Elsevier},
  doi={10.1016/j.est.2022.105149}
}

@article{khan2024review,
  title={A Review of Bidirectional Charging Grid Support Applications and Control},
  author={Khan, Sheroz Ullah and Mehmood, Khalid Kamran and Haider, Zia Muhammad and Bukhari, Syed Sabir Hussain and Lee, Sang-Jun and Rafique, Muhammad Kashif and Kim, Chul-Hwan},
  journal={Energies},
  volume={17},
  number={6},
  pages={1320},
  year={2024},
  publisher={MDPI},
  doi={10.3390/en17061320}
}

@article{alqarni2024optimizing,
  title={Optimizing demand response and load balancing in smart EV charging networks using AI integrated blockchain framework},
  author={Alqarni, Mohammed A and Al-Wesabi, Fahd A and Hilal, Abdullah M and Singh, Kuldeep and Duhayyim, Majed A},
  journal={Scientific Reports},
  volume={14},
  number={1},
  pages={14821},
  year={2024},
  publisher={Nature Publishing Group UK London},
  doi={10.1038/s41598-024-65611-z}
}

@article{gu2025optimization,
  title={Optimization of Electric Vehicle Charging and Discharging Strategies Considering Battery Health State: A Safe Reinforcement Learning Approach},
  author={Gu, Siyuan and Qian, Kun and Yang, Yang},
  journal={World Electric Vehicle Journal},
  volume={16},
  number={5},
  pages={286},
  year={2025},
  publisher={MDPI},
  doi={10.3390/wevj16050286}
}

@article{alogaili2024smart,
  title={Smart Electric Vehicle Charging Management Using Reinforcement Learning},
  author={Al-Ogaili, Ali S and Al-Shetwi, Ali Q and Al-Masri, Hadeel M and Al-Masri, Anas HM and Al-Zaidi, Raghad},
  journal={Sensors},
  volume={25},
  number={8},
  pages={2585},
  year={2024},
  publisher={MDPI},
  doi={10.3390/s25082585}
}

@article{wang2022multi,
  title={Multi-objective optimal scheduling of charging stations with solar-storage-diesel generator system},
  author={Wang, Siyuan and Wang, Shuo and Liu, Bo},
  journal={Frontiers in Energy Research},
  volume={10},
  pages={1042882},
  year={2022},
  publisher={Frontiers},
  doi={10.3389/fenrg.2022.1042882}
}

@article{salvatti2020electric,
  title={Electric vehicles energy management with V2G/G2V multifactor optimization of smart grids},
  author={Salvatti, Gean A and Carati, Edevar G and Cardoso, Ricardo and da Costa, Jo{\~a}o Paulo C and de Oliveira Stein, C{\'e}sar M},
  journal={Energies},
  volume={13},
  number={5},
  pages={1191},
  year={2020},
  publisher={MDPI},
  doi={10.3390/en13051191}
}

@article{van2021peak,
  title={Peak shaving and cost minimization using model predictive control for uni-and bi-directional charging of electric vehicles},
  author={Van Kriekinge, Guillaume and De Cauwer, Cedric and Sapountzoglou, Nikolaos and Coosemans, Thierry and Messagie, Maarten},
  journal={Energy Reports},
  volume={7},
  pages={8760--8771},
  year={2021},
  publisher={Elsevier},
  doi={10.1016/j.egyr.2021.08.139}
}

@article{minchala2025systematic,
  title={A Systematic Review of Model Predictive Control for Robust and Efficient Energy Management in Electric Vehicle Integration and V2G Applications},
  author={Minchala-{\'A}vila, Carlos A and Ar{\'e}valo, Pa{\'u}l and Ochoa-Correa, Diego},
  journal={Modelling},
  volume={6},
  number={1},
  pages={20},
  year={2025},
  publisher={MDPI},
  doi={10.3390/modelling6010020}
}

@article{shibl2023electric,
  title={Electric vehicles charging management using deep reinforcement learning considering vehicle-to-grid operation and battery degradation},
  author={Shibl, Mohamed M and Ismail, Loay S and Massoud, Ahmed M},
  journal={Energy Reports},
  volume={10},
  pages={494--509},
  year={2023},
  publisher={Elsevier},
  doi={10.1016/j.egyr.2023.07.039}
}

@article{di2016lagrangian,
  title={Lagrangian Decomposition based Multi Agent Model Predictive Control for Electric Vehicles Charging integrating Real Time Pricing},
  author={Di Giorgio, Alessandro and Di Maria, Andrea and Liberati, Francesco and Suraci, Vincenzo and Delli Priscoli, Francesco},
  journal={arXiv preprint arXiv:1607.02895},
  year={2016},
  doi={10.48550/arXiv.1607.02895}
}

@mastersthesis{faggio2023design,
  title={Design and Testing of Online and Offline Optimization Algorithms for Vehicle-to-Grid (V2G) Industrial Applications},
  author={Faggio, Gabriele},
  year={2023},
  school={Politecnico di Milano}
}

@article{schaul2015prioritized,
  title={Prioritized experience replay},
  author={Schaul, Tom and Quan, John and Antonoglou, Ioannis and Silver, David},
  journal={arXiv preprint arXiv:1511.05952},
  year={2015},
  doi={10.48550/arXiv.1511.05952}
}

@article{orfanoudakis2024ev2gym,
  title={EV2Gym: A Flexible V2G Simulator for EV Smart Charging Research and Benchmarking},
  author={Orfanoudakis, Stylianos and Diaz-Londono, Christian and Y{\i}lmaz, Yasin Emir and Palensky, Peter and Vergara, Pedro P},
  journal={arXiv preprint arXiv:2404.01849},
  year={2024},
  doi={10.48550/arXiv.2404.01849}
}

@article{diaz2024simulation,
  title={A Simulation Tool for V2G Enabled Demand Response Based on Model Predictive Control},
  author={Diaz-Londono, Christian and Orfanoudakis, Stylianos and Vergara, Pedro P and Palensky, Peter and Ruiz, Fabio and Gruosso, Giambattista},
  journal={arXiv preprint arXiv:2405.11963},
  year={2024},
  doi={10.48550/arXiv.2405.11963}
}

@mastersthesis{evertsson2024investigating,
  title={Investigating Vehicle-to-grid from a User-centric Perspective},
  author={Evertsson, Albin and Nylander, Anton},
  year={2024},
  school={Chalmers University of Technology}
}
@article{wan2022dynamic,
  title={A dynamic reward-based deep reinforcement learning for V2G control with EV battery degradation},
  author={Wan, Zhong, and Wang, Jian, and Zhang, Weilin and Gu, Chen},
  journal={Applied Energy},
  volume={309},
  pages={118462},
  year={2022},
  publisher={Elsevier},
  doi={10.1016/j.apenergy.2021.118462}
}

@inproceedings{yoon2021curriculum,
  title={Curriculum-based deep reinforcement learning for V2G-enabled EV charging},
  author={Yoon, Young-Jae and Shin, Jin-Young and Baldick, Ross},
  booktitle={2021 IEEE Power  Energy Society General Meeting (PESGM)},
  pages={1--5},
  year={2021},
  organization={IEEE},
  doi={10.1109/PESGM46819.2021.9638101}
}

@article{schwenk2022computationally,
  title={A computationally efficient MPC for residential EV charging with V2G and 3-phase power flow},
  author={Schwenk, Johannes and Tuchschmid, Michael and Heer, Philipp and Elbert, Philipp},
  journal={Energies},
  volume={15},
  number={16},
  pages={5923},
  year={2022},
  publisher={MDPI},
  doi={10.3390/en15165923}
}
@article{ng1999policy,
  title={Policy invariance under reward transformations: Theory and application to reward shaping},
  author={Ng, Andrew Y and Harada, Daishi and Russell, Stuart},
  journal={ICML},
  volume={99},
  pages={278--287},
  year={1999}
}


@techreport{european_commission_2021_fit_for_55,
  author      = {{European Commission}},
  title       = {'Fit for 55': delivering the EU's 2030 Climate Target on the way to climate neutrality},
  institution = {European Commission},
  year        = {2021},
  number      = {COM(2021) 550 final},
  address     = {Brussels}
}

@misc{RED_III_directive_2023,
  author = {{The European Parliament and the Council of the European Union}},
  title  = {Directive (EU) 2023/2413 of the European Parliament and of the Council of 18 October 2023 amending Directive (EU) 2018/2001 as regards the promotion of energy from renewable sources},
  year   = {2023},
  note   = {Official Journal of the European Union, L 2413}
}

@misc{iso15118_standard,
  author    = {{International Organization for Standardization}},
  title     = {ISO 15118-1:2019 Road vehicles — Vehicle to grid communication interface — Part 1: General information and use-case definition},
  year      = {2019},
  publisher = {ISO},
  note      = {Available at: \url{https://www.iso.org/standard/69113.html}}
}

@techreport{ocpp_2_0_1,
  author      = {{Open Charge Alliance}},
  title       = {Open Charge Point Protocol 2.0.1},
  institution = {Open Charge Alliance},
  year        = {2020},
  note        = {Available at: \url{https://www.openchargealliance.org/}}
}

@article{evertsson2024investigating,
  title={Investigating the potential of vehicle-to-grid in 2030 and 2040 in the Nordics},
  author={Evertsson, Olov and Odenberger, Mikael and Johnsson, Filip},
  journal={Energy},
  pages={130108},
  year={2024},
  publisher={Elsevier}
}

@article{alfaverh2022optimal,
  title={Optimal scheduling of V2G and G2V operation of electric vehicles in distribution grid with a high penetration of renewable energy sources},
  author={Alfaverh, Feras and Ammar, Mohamed and El-khattam, Wael},
  journal={Electric Power Systems Research},
  volume={205},
  pages={107734},
  year={2022},
  publisher={Elsevier}
}

@article{sadeghi2021deep,
  title={Deep reinforcement learning for frequency control in power grids with V2G},
  author={Sadeghi, Alireza and Sadeghi, Seyedamirabbas and G{\"u}nd{\"u}z, Deniz and Poor, H Vincent},
  journal={IEEE Transactions on Smart Grid},
  volume={12},
  number={6},
  pages={5338--5348},
  year={2021},
  publisher={IEEE}
}

@article{orfanoudakis2022deep,
  title={A deep reinforcement learning approach for electric vehicle charging in a lot with a shared renewable energy source},
  author={Orfanoudakis, L and Axenitopoulos, A and Daras, P},
  journal={IEEE Access},
  volume={10},
  pages={34330--34344},
  year={2022},
  publisher={IEEE}
}

@article{khan2024review,
  title={A review on vehicle-to-grid (V2G) technology: Concept, services, communication, and challenges},
  author={Khan, Suhana and Ahmad, Aftab and Ahmad, Farhan},
  journal={World Electric Vehicle Journal},
  volume={15},
  number={1},
  pages={19},
  year={2024},
  publisher={MDPI}
}

@article{zou2021deep,
  title={A deep reinforcement learning approach for EV charging and V2G discharging scheduling},
  author={Zou, Yushi and Yu, James JQ and Liu, Yang and Liu, Jun},
  journal={Energy and AI},
  volume={5},
  pages={100081},
  year={2021},
  publisher={Elsevier}
}

@article{lillicrap2015continuous,
  title={Continuous control with deep reinforcement learning},
  author={Lillicrap, Timothy P and Hunt, Jonathan J and Pritzel, Alexander and Heess, Nicolas and Erez, Tom and Tassa, Yuval and Silver, David and Wierstra, Daan},
  journal={arXiv preprint arXiv:1509.02971},
  year={2015}
}

@article{fujimoto2018addressing,
  title={Addressing function approximation error in actor-critic methods},
  author={Fujimoto, Scott and van Hoof, Herke and Meger, David},
  booktitle={International conference on machine learning},
  pages={1587--1596},
  year={2018},
  organization={PMLR}
}

@article{haarnoja2018soft,
  title={Soft actor-critic: Off-policy maximum entropy deep reinforcement learning with a stochastic actor},
  author={Haarnoja, Tuomas and Zhou, Aurick and Abbeel, Pieter and Levine, Sergey},
  booktitle={International conference on machine learning},
  pages={1861--1870},
  year={2018},
  organization={PMLR}
}

@article{liu2023optimal,
  title={Optimal scheduling of electric vehicle charging and discharging at a station with multiple chargers using deep reinforcement learning},
  author={Liu, Zhaomiao and Wang, Dong and Wang, Ling},
  journal={Energy},
  volume={271},
  pages={127031},
  year={2023},
  publisher={Elsevier}
}

@article{wang2022multi,
  title={Multi-objective deep reinforcement learning for the intelligent energy management of V2G-assisted commercial building microgrids},
  author={Wang, Shubo and Wang, Jianxun and Wu, Yifei and Wang, Zhe},
  journal={Energy},
  volume={254},
  pages={124330},
  year={2022},
  publisher={Elsevier}
}

@article{logeshwaran2022comparative,
  title={A comparative study of deep reinforcement learning algorithms for energy management in commercial buildings},
  author={Logeshwaran, J and Fan, Chao and Naung, Swan Htet},
  journal={Energy and Buildings},
  volume={254},
  pages={111589},
  year={2022},
  publisher={Elsevier}
}

@article{alsabbagh2022reinforcement,
  title={Reinforcement learning-based model predictive control for building energy management with a reduced-order model},
  author={Alsabbagh, Mohamad and Si, Junyu},
  journal={Energy and AI},
  volume={7},
  pages={100125},
  year={2022},
  publisher={Elsevier}
}

@article{faggio2023design,
  title={Design and implementation of a model predictive control for the energy management of a residential microgrid},
  author={Faggio, G and Gammelli, M and Pallonari, F and Scimmi, A and Bizzarri, F},
  journal={Energies},
  volume={16},
  number={4},
  pages={1939},
  year={2023},
  publisher={MDPI}
}

@article{schwenk2022computationally,
  title={A computationally efficient MPC for residential EV charging with V2G and 3-phase power flow},
  author={Schwenk, Johannes and Tuchschmid, Michael and Heer, Philipp and Elbert, Philipp},
  journal={Energies},
  volume={15},
  number={16},
  pages={5923},
  year={2022},
  publisher={MDPI}
}

@article{ghosh2024optimal,
  title={Optimal scheduling of electric vehicle charging using meta-heuristic algorithms: A review},
  author={Ghosh, Arindam and Kalam, Akhtar},
  journal={Renewable and Sustainable Energy Reviews},
  volume={189},
  pages={114011},
  year={2024},
  publisher={Elsevier}
}

@article{kumar2024integration,
  title={Integration of renewable energy sources and electric vehicles in smart grid: A review},
  author={Kumar, L and Jain, S},
  journal={Journal of Energy Storage},
  volume={81},
  pages={110456},
  year={2024},
  publisher={Elsevier}
}